2147 3489
113 700 193 741 qua
224 686 274 727 de
293 699 413 729 causa

119 764 166 792 eo
186 751 371 793 venerint

116 815 371 858 Franciscani
385 848 397 869 ‚

121 1708 142 1729 ’⁶
159 1720 277 1750 anno
295 1706 417 1748 1585.

451 236 565 295 176
1115 259 1351 297 EPITOME

446 361 604 434 fecit,
642 382 707 419 ea
751 362 1070 420 conditione
1105 371 1168 419 ut
1204 381 1275 419 ne
1314 361 1505 439 plures
1539 382 1710 440 quam
1752 362 1945 420 decem
1987 383 2017 420 e

446 464 651 522 nostris
684 464 766 521 ibi
796 475 985 543 aperte
1015 464 1309 541 degerent,
1354 466 1453 541 qui
1481 485 1753 524 numerus
1782 464 2018 523 videba-

447 575 542 624 tur
569 568 825 626 sufficere
854 567 928 625 ad
962 587 1116 626 sacra
1151 567 1428 626 Lusitanis
1462 568 1850 627 ministranda.

613 670 749 727 Haec
783 670 1014 728 malacia
1047 670 1303 746 quamvis
1341 689 1455 726 non
1498 670 1835 748 poenitendae
1870 668 2022 746 pacis

449 772 689 850 speciem
739 772 1005 844 haberet3
1059 781 1248 829 tamen
1297 793 1329 830 a
1371 773 1656 833 Societatis
1698 774 2026 832 adversariis

451 873 822 951 spargebatur
842 894 942 952 per
962 874 1313 953 Philippinas
1341 875 1522 933 fama:
1552 876 1880 934 catholicam
1904 894 2024 932 rem

446 976 505 1032 in
543 975 818 1053 Japonia7
857 977 1143 1035 Societatis
1200 977 1396 1055 culpa,
1445 979 1783 1050 concidisse3
1833 978 2026 1034 Patres

449 1078 845 1137 exterminatos
868 1124 882 1152 7
936 1079 1148 1157 templa
1206 1080 1489 1137 destructa
1513 1125 1528 1151 a
1582 1079 1899 1158 neophytos
1955 1076 2028 1134 ad

453 1179 687 1237 colenda
716 1179 853 1238 falsa
887 1182 1120 1237 numina
1143 1181 1448 1238 revolutos.
1484 1181 1585 1238 His
1615 1181 1820 1237 auditis
1854 1181 2032 1236 Fran-

452 1283 656 1340 ciscani
678 1284 776 1359 qui
801 1292 936 1340 tunc
967 1285 1027 1340 in
1061 1283 1393 1361 Philippinis
1419 1282 1811 1355 versabantur,
1834 1301 2034 1339 accur-

451 1384 696 1442 rendum
725 1395 1070 1463 putaverunt
1105 1387 1179 1443 ad
1201 1405 1366 1464 opem
1402 1386 1679 1464 Religioni
1709 1385 2028 1444 ferendam.

453 1488 636 1562 Olim,
676 1509 806 1546 cum
839 1509 928 1547 res
964 1489 1278 1548 Christiana
1314 1489 1542 1547 floreret
1583 1490 1727 1546 inter
1759 1489 2029 1566 Japones‚

454 1611 548 1650 eos
570 1600 862 1648 vocaverat
891 1610 1006 1647 non
1030 1590 1203 1648 semel
1224 1590 1468 1649 Societas
1492 1592 1550 1646 in
1572 1592 1799 1668 gloriosi
1823 1589 2033 1646 laboris

453 1703 692 1771 partem.
721 1691 986 1749 Vetuerat
1010 1691 1312 1769 Gregorius
1334 1692 1465 1749 XIII
1484 1692 1634 1750 edito
1660 1689 2030 1769 diplomate*,

455 1815 527 1851 ne
555 1794 683 1870 quis
725 1792 987 1865 illorum3
1021 1801 1121 1848 aut
1161 1813 1229 1849 ex
1258 1792 1363 1849 alia
1396 1793 1653 1870 religiosa
1694 1792 1941 1865 familia,
1974 1791 2035 1847 in

454 1895 754 1973 Japoniam
809 1893 1156 1972 praedicandi
1211 1894 1496 1972 Evangelii
1545 1914 1745 1967 causa,
1792 1893 2036 1972 exceptis

455 1999 749 2077 Religiosis
781 1997 1069 2055 Societatis
1110 1996 1282 2070 JeSU‚
1324 2016 1383 2055 se
1419 1995 1717 2054 conferret.
1749 1995 2038 2053 Existima-

456 2110 592 2160 runt
627 2100 977 2158 Franciscani
1014 2099 1203 2157 locum
1248 2097 1544 2155 interdicto
1587 2097 1877 2154 Pontificio
1914 2095 2039 2153 nul-

457 2205 580 2263 lum
604 2225 757 2278 esse,
795 2205 855 2260 in
889 2213 1046 2261 tanto
1074 2202 1358 2279 religionis
1387 2200 1660 2279 periculo.
1687 2200 1883 2277 Itaque
1906 2219 2037 2256 cum

459 2308 665 2385 Legato
683 2352 697 2381 ‚
723 2326 893 2385 quem
927 2305 1000 2362 ad
1030 2305 1414 2364 Taicosamam
1442 2304 1789 2381 gubernator
1818 2303 2037 2380 Philip-

459 2411 722 2488 pinarum
770 2408 1064 2482 mittebat,
1111 2406 1347 2486 profecti
1388 2426 1473 2463 XII
1524 2405 1798 2464 Calendas
1846 2405 2035 2478 ,Iunii⁷

459 2513 647 2569 navim
698 2511 771 2568 ad
819 2520 1050 2589 portum
1097 2509 1499 2568 Firandensem
1542 2509 1903 2588 appulerunt.
1947 2508 2037 2565 Ibi

461 2634 592 2672 cum
627 2613 897 2672 vidissent
939 2634 1059 2671 rem
1109 2613 1268 2671 aliter
1313 2631 1371 2671 se
1419 2611 1662 2685 habere,
1710 2620 1879 2687 atque
1927 2610 2038 2669 illis

461 2715 686 2774 Manilae
734 2716 1056 2773 nuntiatum
1106 2713 1317 2787 fuerat,
1371 2722 1559 2771 tamen
1607 2714 1931 2772 restiterunt
1978 2714 2038 2771 in

464 2817 702 2896 Japonia
730 2817 900 2875 illecti
941 2837 1040 2896 spe
1075 2816 1333 2875 nonnihil
1374 2834 1476 2893 pro
1515 2814 1733 2873 Christo
1763 2815 2033 2895 patiendi.

467 2920 593 2992 Quo
621 2928 855 2993 eventa,
888 2920 1021 2977 anni
1049 2927 1347 2997 sequentes
1375 2916 1708 2976 narrabunt.
