2147 3489
486 199 758 238 ms‘romffi
799 196 1121 235 socmTAT1s
1165 200 1317 237 JESU.
1568 177 1690 235 235

123 323 236 361 non
278 304 460 362 solum
504 303 794 379 indigenas
835 301 1117 358 alienabat
1159 321 1191 357 a
1231 301 1547 375 Lusitanis7
1590 321 1691 359 ve-

121 426 248 463 rum
295 407 460 462 etiam
510 404 863 461 absterrebat
910 423 942 460 a
995 402 1348 486 suscipienda
1398 403 1543 476 fide,
1599 423 1692 460 ar-

122 508 428 585 mabatque
468 506 538 563 ad
588 506 879 563 tutandam
914 504 1265 578 libertatem⁷
1311 525 1439 581 quae
1482 514 1693 561 morta-

123 609 276 668 libus
310 611 424 666 vita
461 609 638 665 cariol·
683 617 785 665 est.

289 712 414 769 Non
456 709 676 768 levioris
721 709 991 766 momenti
1035 708 1108 766 ad
1151 709 1598 766 constituendam
1638 710 1694 764 in

127 811 285 868 India
335 811 605 868 Orientali
653 811 977 887 religionem
1031 811 1171 882 fuit,
1218 810 1403 868 foedus
1452 832 1482 868 a
1532 811 1696 868 Lusi-

123 914 268 971 tanis
311 913 520 970 facturn
568 933 694 969 cum
738 913 1070 987 ZamorinQ
1113 914 1359 971 Calecuti
1403 935 1565 991 rege7
1602 915 1699 991 qui

125 1034 237 1070 orae
280 1014 633 1071 Malabaricae
677 1014 884 1090 regulis
926 1014 1092 1091 longe
1145 1016 1468 1092 praestabat.
1515 1016 1701 1071 Prima

124 1114 217 1172 lex
253 1115 423 1192 hujus
458 1115 681 1173 foederis
716 1115 857 1188 fuit⁷
909 1126 971 1173 ut
1012 1117 1188 1175 libera
1239 1117 1567 1175 Christianae
1609 1137 1702 1174 re-

126 1217 348 1300 ligionis
413 1217 745 1294 profitendae
811 1227 1056 1295 potestas
1113 1220 1326 1297 populo
1384 1220 1575 1293 fieret,
1637 1240 1701 1277 ac

127 1318 458 1376 Societatem
515 1319 652 1376 Jesu
702 1321 822 1377 Rex
873 1323 1148 1399 acciperet
1199 1344 1211 1378 ε
1268 1324 1423 1399 quod
1483 1326 1702 1401 egregie

127 1421 387 1498 praestitit
447 1420 725 1477 aedificato
767 1422 824 1477 in
868 1423 1012 1481 urbe
1051 1426 1200 1501 regia
1250 1426 1494 1503 templo,
1547 1432 1706 1506 cujus

129 1521 204 1578 ad
266 1521 635 1579 fundamenta
684 1523 942 1599 jacienda
993 1526 1112 1602 ipse
1161 1526 1403 1584 humum
1461 1531 1701 1606 aperuit.

129 1626 219 1683 Sic
253 1624 574 1682 introducta
611 1626 854 1685 Societas
891 1636 975 1684 est
1011 1628 1341 1686 Calecutum
1365 1674 1379 1702 ‚
1420 1630 1520 1686 ubi
1558 1633 1709 1708 regia

130 1729 413 1786 Zamorini
457 1749 468 1783 ε
511 1728 668 1785 Brevi
714 1739 902 1785 tamen
945 1729 1079 1786 inde
1115 1730 1279 1807 pulsa
1324 1730 1617 1790 calumniis
1654 1741 1711 1789 et

132 1831 264 1889 odio
305 1829 828 1888 Mahometanorum
852 1874 866 1903 7
912 1850 1156 1907 quorum
1199 1851 1333 1909 opes
1374 1833 1440 1890 iis
1481 1833 1541 1888 in
1574 1832 1712 1891 locis

132 1931 526 1990 formidandae.
584 1932 951 2008 Compressus
1002 1933 1174 2010 paulo
1231 1943 1360 2011 post
1408 1935 1713 2012 impiorum

133 2032 323 2106 furor,
377 2042 433 2090 et
475 2053 622 2091 anno
673 2035 930 2110 sequenti
972 2034 1215 2094 Societas
1260 2035 1587 2094 Calecutum
1631 2045 1715 2095 est

135 2143 414 2193 revocata.

303 2235 570 2293 Eamdem
627 2237 686 2292 in
742 2237 933 2296 Patres
980 2237 1431 2296 benevolentiam
1481 2260 1599 2316 prae
1657 2258 1715 2297 se

136 2336 354 2395 ferebat
391 2338 680 2414 Mogolum
721 2339 1032 2417 Imperator
1074 2363 1086 2397 z
1133 2341 1212 2398 eis
1255 2349 1444 2396 tamen
1496 2338 1714 2397 auscul-

135 2448 256 2498 tare
287 2440 659 2498 cunctabatur
686 2442 1029 2500 instantibus
1051 2487 1065 2516 a
1097 2454 1162 2499 ut
1199 2443 1490 2500 veritatem
1533 2441 1716 2500 Chris-

139 2544 307 2601 tianae
376 2543 657 2619 religionis
718 2543 950 2601 abunde
1018 2545 1296 2622 cognitam
1361 2553 1711 2621 sequeretur.

140 2648 267 2726 Ipse
306 2646 613 2704 ambitione
646 2666 817 2723 prava
859 2645 1154 2719 delinitus,
1195 2646 1425 2703 duobus
1462 2645 1720 2702 dominis

143 2753 387 2819 servire,
443 2758 633 2806 contra
689 2750 1080 2826 praescriptum
1145 2748 1576 2825 Evangelicum„
1637 2746 1719 2804 fas

143 2859 446 2926 tutumque
488 2859 727 2927 putans7
775 2850 948 2908 solem
994 2872 1120 2909 cum
1166 2851 1386 2909 Christo
1420 2848 1713 2905 adorabat.

145 2951 287 3008 Vota
316 2951 480 3007 etiam
504 2972 534 3008 a
557 2951 768 3029 populo
801 2953 909 3010 sibi
932 2954 1050 3011 fieri
1082 2953 1424 3031 patiebatur3
1456 2973 1557 3009 nec
1583 2952 1720 3008 adu-

144 3051 349 3110 latores
387 3052 653 3110 audiebat
684 3055 924 3129 invitus,
958 3057 1058 3133 qui
1092 3054 1468 3124 testabantur,
1502 3052 1722 3109 adhibi-

150 3162 265 3211 tam
317 3152 550 3212 feliciter
602 3155 674 3212 ad
731 3158 1009 3216 sanandos
1065 3155 1323 3229 morbos„
1389 3174 1501 3231 qua
1550 3153 1721 3232 pedes

1760 708 1947 750 Societati
1972 708 2032 751 fa-

1733 782 1798 815 vet
1864 775 2033 815 Calecu-

1736 840 1856 880 tensis
1878 841 1985 894 Rex3

1806 2253 2016 2309 Mogolum

1752 2321 1981 2374 Imperator
1990 2351 2005 2373 ‚

1754 2400 1837 2427 non
1859 2387 1911 2427 ita
1920 2417 1929 2427 .
