2147 3489
497 256 768 296 nisTomAE
810 255 1132 294 sommum-is
1174 258 1324 295 JESU.
1579 238 1694 297 129

134 363 421 421 laudabile
440 407 455 437 a
490 370 546 419 et
573 359 830 417 Ecclesiae
859 357 1074 415 Sanctae
1101 356 1239 414 utile
1259 377 1378 415 esse
1406 359 1692 433 fateretur,

129 485 194 522 ac
244 465 408 542 plane
448 469 834 521 conservatum
877 458 1063 516 vellet.
1121 457 1186 514 In
1227 459 1480 516 eamdem
1523 461 1696 519 ferme

131 568 459 624 sententiam
513 564 776 621 'disseruit
833 562 951 619 Rex
1010 560 1330 618 Catholicus
1353 605 1367 634 .,
1425 582 1489 618 ac
1537 563 1697 621 facile

130 689 329 746 passus
392 676 474 725 est
530 666 788 743 abrogari
839 663 1197 720 interdictum
1243 681 1357 739 quo
1407 672 1698 720 vetuerant

129 769 279 826 Sacri
321 767 654 840 Quaesitores
689 786 760 822 ne
803 766 929 842 quis
967 784 998 822 e
1033 764 1302 822 Societate
1341 763 1698 842 Transsylva-

131 873 312 944 niam.,
356 880 411 927 et
461 869 596 927 alias
645 869 898 946 regiones
941 868 1139 925 haeresi
1183 876 1461 925 contactas
1501 886 1697 924 eorum

128 973 347 1048 injussu
377 970 575 1028 adiret.
619 969 850 1027 Audivit
883 970 1049 1026 etiam
1079 969 1263 1026 libens
1293 969 1356 1025 P.
1384 969 1698 1026 Robertum

115 1063 454 1131 ¹Personium
491 1072 588 1149 qui
632 1071 821 1130 sedem
863 1071 1111 1148 aliquam
1154 1081 1209 1128 et
1242 1070 1611 1127 Seminarium
1640 1070 1698 1125 in

130 1174 399 1252 Hispania
421 1173 650 1251 petebat
671 1171 866 1250 Anglis
881 1172 1188 1249 juvenibus
1218 1192 1248 1229 e
1275 1173 1454 1250 patria
1477 1172 1552 1229 ob
1575 1171 1699 1229 reli-

129 1277 352 1354 gionem
389 1274 662 1352 profugis.
702 1274 948 1331 Favebat
977 1273 1110 1330 huic
1142 1274 1395 1351 petitioni
1431 1273 1698 1351 temporis

128 1377 515 1454 opportunitas
538 1395 651 1453 quo
674 1375 890 1433 bellum
912 1377 1031 1434 Rex
1053 1376 1110 1431 in
1133 1374 1341 1452 Anglos
1362 1376 1692 1434 adornabat.

130 1477 195 1534 Id
238 1479 387 1535 enim
418 1478 463 1535 si
499 1498 528 1534 e
567 1479 838 1534 sententia
872 1486 1156 1554 gereretur
1182 1478 1373 1554 plures
1402 1478 1699 1535 habiturus

130 1589 249 1637 erat
293 1579 616 1636 Sacerdotes
650 1579 708 1633 in
744 1577 841 1634 illo
878 1577 1174 1634 seminario
1212 1576 1510 1650 educatos,
1545 1587 1600 1635 et
1627 1579 1700 1636 ad

128 1680 532 1739 restituendam
565 1682 624 1736 in
668 1678 867 1756 Anglia
908 1679 1170 1755 pietatem
1195 1678 1423 1737 idoneos
1456 1703 1467 1736 :
1501 1682 1548 1739 si
1583 1681 1703 1740 bel-

126 1783 247 1841 lum
279 1802 393 1839 non
424 1780 776 1851 succederet,
802 1799 869 1835 ex
898 1779 1096 1836 eodem
1121 1779 1402 1837 domicilio
1423 1782 1702 1859 prodituri

129 1893 289 1943 erant
325 1880 640 1958 Evangelici
669 1877 952 1957 operarii,
1001 1881 1100 1958 qui
1138 1879 1450 1958 Anglorum
1503 1883 1701 1941 catho-

129 1985 367 2044 licorum
396 1984 661 2061 reliquias
698 1993 1105 2040 conservarent.
1142 1983 1240 2040 His
1270 1985 1583 2043 rationibus
1604 1985 1700 2054 ad-

131 2087 338 2143 ductus
359 2085 654 2163 Philippus
675 2083 985 2161 Anglorum
1008 2084 1377 2144 Seminarium
1395 2088 1699 2147 Vallisoleti

126 2189 406 2248 fundavit.

294 2293 479 2350 Laetus
531 2289 820 2367 Aquaviva
874 2290 949 2348 ob
1004 2290 1224 2349 sedatos
1284 2300 1466 2350 metus
1488 2337 1502 2366 ‚
1556 2312 1698 2370 quos

132 2396 310 2452 Roma
331 2438 346 2467 ἦ
380 2412 522 2471 quos
551 2393 818 2470 Hispania
850 2392 1192 2466 intentabat,
1223 2391 1470 2449 fructum
1502 2413 1532 2450 e
1559 2413 1699 2470 prae-

129 2497 293 2554 terito
316 2494 564 2573 periculo
588 2514 785 2571 capere
814 2495 1053 2552 studuit.
1089 2495 1346 2571 Cumque
1367 2495 1699 2573 intelligeret

132 2597 417 2655 Societatis
459 2605 607 2654 recte
646 2595 1032 2672 gubernandae
1066 2596 1337 2653 rationem
1373 2597 1431 2653 in
1467 2597 1699 2675 singulis

132 2698 428 2756 domorum
464 2697 914 2755 moderatoribus
947 2698 1230 2774 praecipue
1268 2700 1506 2775 positam
1543 2719 1697 2772 esse7

136 2801 235 2877 qui
257 2802 300 2858 si
323 2810 470 2858 recte
500 2821 732 2858 munere
753 2819 855 2858 suo
886 2800 1274 2878 fungerentur7
1302 2821 1529 2859 cursum
1552 2811 1702 2859 tene-

133 2912 258 2961 rent
280 2904 463 2959 omnia
488 2903 953 2961 secundissimum
972 2948 986 2976 ‚
1016 2923 1109 2962 eos
1132 2904 1415 2961 adhortari
1437 2924 1550 2960 non
1575 2923 1700 2961 con-

133 3014 344 3076 tentus7
372 3004 656 3061 decretum
679 3005 876 3078 edidit,
903 3025 1016 3082 quo
1039 3005 1392 3082 jubebantur
1422 3004 1695 3081 quotidie,

135 3116 233 3164 aut
282 3104 506 3161 alternis
549 3104 744 3161 saltem
793 3105 1026 3179 diebus,
1084 3106 1277 3163 horam
1323 3105 1593 3162 collocare
1641 3104 1700 3159 in

135 3207 318 3266 officio
351 3214 406 3265 et
427 3225 657 3262 munere
691 3225 793 3264 suo
823 3209 1255 3281 considerand03
1290 3217 1346 3266 et
1375 3207 1700 3265 ordinandis

394 3328 558 3388 Tom.
607 3326 731 3386 III.
954 3418 964 3426 ἢ
1421 3328 1458 3384 9

1734 1382 1955 1424 Vallisoleti

1735 1447 2003 1488 Seminarium

1737 1511 2020 1565 Anglicanum.

1801 2299 2035 2342 Rectoribus

1734 2363 1929 2417 imperata
1939 2378 2032 2406 con-

1734 2427 1986 2470 siderationis

1735 2494 1848 2535 hora.
