2147 3489
185 1006 363 1048 Condstae

121 1078 164 1113 et
233 1070 420 1112 stabilitae

120 1139 288 1179 Domus

120 1409 415 1450 *ann01615.

459 149 584 209 244
1128 169 1371 207 EPITOME

458 276 518 330 in
559 273 842 356 integrum
878 273 1211 347 restituitur,
1263 294 1326 332 ea
1374 294 1492 352 prae
1529 275 1722 333 ceteris
1763 274 1920 352 lege,
1967 285 2031 333 ut

459 375 703 433 Societas
764 375 1116 454 Claudiopoli
1181 387 1236 433 et
1292 374 1438 433 Alba
1496 377 1646 435 ‚Iulia
1703 377 2026 455 pelleretur.

460 477 638 535 Cessit
666 478 873 535 invitus
908 478 1117 554 iniquae
1146 477 1533 554 postulationi,
1567 489 1622 537 et
1650 479 1912 536 Patribus
1935 478 2033 534 lit-

458 590 603 637 teras
641 580 1013 657 amplissimas
1056 580 1389 635 innocentiae
1422 588 1586 637 testes
1623 580 1812 653 dedit,
1845 579 2032 657 palam

458 683 744 762 professus
773 681 898 739 illos
920 726 933 753 ,
969 700 1080 737 non
1112 680 1276 737 aliam
1307 681 1381 738 ob
1415 702 1637 739 causam
1669 683 1789 759 eJ‘ici
1812 727 1825 754 ,
1859 700 2030 758 quam

457 795 687 862 propter
730 784 1017 841 catholicae
1051 782 1364 860 religionis,
1406 785 1561 862 quod
1594 786 2029 862 profitebantur,

458 887 733 945 studium.

623 989 757 1045 Post
790 996 1046 1064 ereptum
1087 988 1284 1045 Turcis
1320 989 1378 1043 in
1409 989 1587 1045 vicina
1625 989 1909 1065 Hungaria
1943 989 2035 1046 Ja-

457 1092 716 1149 varinum
741 1091 871 1147 data
893 1099 975 1147 est
999 1091 1213 1147 occasio
1240 1090 1456 1168 collegii
1484 1090 1837 1148 Varalliensis
1858 1099 2034 1148 trans-

458 1193 673 1250 ferendi
715 1192 899 1249 Salam
953 1193 1066 1250 sive
1124 1192 1378 1266 Selliam,
1435 1193 1534 1250 ubi
1586 1194 1745 1270 quies
1789 1214 1820 1250 a
1871 1193 2036 1253 bellis

456 1299 654 1373 major,
689 1305 746 1353 et
774 1296 1043 1353 securitas
1073 1295 1427 1372 sperabatur.
1472 1295 1636 1353 Sellia
1672 1296 2037 1373 postmodum

455 1397 647 1455 relicta
689 1397 1024 1454 translatum
1069 1407 1152 1454 est
1195 1398 1552 1475 Tyrnaviam.
1589 1396 1616 1422 *
1648 1397 2036 1456 Ferdinandus

454 1498 745 1556 Archidux
785 1497 1079 1555 fundando
1117 1499 1364 1575 Collegio
1402 1500 1682 1556 Graecensi
1721 1508 1776 1556 et
1816 1498 2038 1556 Acade-

453 1602 581 1657 miae
626 1600 903 1677 oppidum
946 1600 1348 1657 Millestadium
1395 1600 1675 1656 attribuit.
1703 1600 2038 1657 Varsavien-

453 1722 569 1761 sem
608 1701 993 1759 Professorum
1042 1702 1274 1758 domum
1299 1746 1313 1773 ,
1347 1712 1402 1759 et
1442 1701 1739 1778 collegium
1777 1700 2039 1778 Leopoli-

451 1815 649 1862 tanum
690 1806 780 1882 pia
821 1805 1027 1861 civium
1071 1805 1377 1863 liberalitas
1420 1806 1702 1862 excitavit.
1746 1805 2038 1864 Montibus

450 1910 511 1966 in
546 1908 841 1965 Harmonia
882 1906 1072 1964 sedem
1106 1908 1266 1965 annis
1300 1911 1418 1984 jam
1454 1907 1752 1965 duodecim
1794 1907 2038 1966 Societas

451 2010 763 2082 habuerat,
834 2009 1052 2068 scholas
1112 2010 1220 2066 hoc
1279 2029 1425 2066 anno
1489 2010 1735 2086 primum
1788 2011 2029 2086 aperuit.

453 2113 680 2170 Eaedem
718 2122 976 2171 reseratae
1019 2122 1151 2170 sunt
1193 2114 1252 2169 in
1302 2113 1535 2190 collegio
1570 2113 2037 2190 Pompelonensi,

454 2214 558 2272 ubi
595 2214 800 2272 clausae
837 2214 1130 2272 biennium
1168 2214 1410 2272 fuerant.
1448 2216 1641 2271 Romae
1665 2215 2038 2275 Bellarminus

453 2339 487 2376 a
516 2318 787 2376 Pontifice
814 2318 1159 2396 impetravit,
1188 2327 1249 2374 ut
1272 2318 1592 2375 Seminariis
1615 2318 2036 2376 Provinciarum

456 2420 990 2497 Septentrionalium
1017 2430 1188 2478 statas
1213 2421 1508 2498 pensiones
1532 2440 1645 2476 non
1669 2419 1837 2477 modo
1861 2421 2040 2478 exsol-

455 2545 583 2582 vere
625 2533 916 2601 pergeret,
958 2544 1152 2581 verum
1200 2525 1367 2580 etiam
1403 2531 1824 2600 pernumeraret
1870 2524 2038 2579 inter-

454 2629 670 2685 missas.
716 2625 861 2683 Ante
887 2645 1062 2683 annos
1100 2625 1293 2682 decem
1340 2634 1394 2680 et
1429 2632 1640 2699 septem
1679 2623 2034 2700 designatum

454 2731 638 2788 fuerat
696 2727 1009 2803 Collegium
1066 2726 1501 2794 Anconitanum,
1565 2719 1885 2801 compositis
1942 2725 2036 2782 de-

455 2852 613 2889 mum
657 2850 785 2907 quae
848 2827 1160 2885 inciderant
1203 2827 1430 2899 litibus,
1488 2826 1853 2882 constitutum
1896 2826 2026 2883 fuit.

455 2935 672 2992 Domus
714 2929 1098 2988 Professorum
1135 2929 1537 2986 Beneventanae
1563 2931 1711 3005 jacta
1747 2937 1879 2985 sunt
1910 2927 2033 2984 fun-

454 3036 721 3092 damenta
772 3056 783 3091 :
826 3032 1175 3104 CalaritanO,
1229 3041 1284 3088 et
1321 3031 1746 3102 Panormitano,
1786 3021 2031 3105 collegiis

455 3137 514 3194 in
538 3136 791 3195 Sardinia
822 3145 877 3194 et
907 3134 1089 3192 Sicilia
1128 3133 1353 3192 culmen
1390 3134 1739 3212 impositum.
1774 3135 2031 3192 Niciense
