2147 3489
416 288 685 328 ms‘romffi
727 284 1043 323 SOC1ETAT15
1087 286 1235 323 sesu.
1501 265 1609 323 161

65 409 192 446 cum
247 394 495 470 ipsorum
549 389 879 446 ductoribus
935 387 1198 445 decrevit.
1250 388 1364 445 Nec
1418 408 1617 466 super-

63 491 205 549 bum
266 494 576 569 Principem
626 510 738 547 non
798 489 1123 548 stimulabat
1182 489 1395 565 imperii
1453 489 1618 546 latius

64 593 384 668 proferendi
421 593 697 670 cupiditas
718 637 732 665 ,
765 601 821 648 et
856 591 1108 668 Japoniae
1147 590 1358 666 priscos
1391 588 1615 662 heroaS,

64 714 206 770 quos
239 696 297 751 in
333 696 574 751 Deorum
601 712 835 750 numero
872 692 978 749 coli
1007 692 1266 764 videbat,
1294 690 1615 767 superandi.

66 795 272 854 Causas
304 795 474 872 igitur
501 794 637 851 belli
668 794 812 852 Sinis
846 793 1121 851 inferendi
1153 793 1617 864 comminiscitur,

67 906 122 953 et
174 898 305 973 quia
368 917 469 973 per
526 896 757 954 Coream
814 896 1168 973 peninsulam
1216 894 1623 953 transeundum
1713 891 1867 947 Be'llum

66 1008 210 1070 erat,
258 1000 554 1057 transitum
596 1020 627 1056 a
663 1000 813 1075 Rege
864 998 1052 1055 Coreae
1095 999 1319 1054 armatis
1363 997 1626 1074 precibus
1659 974 1895 1015 coreanum.

65 1100 223 1176 petit.
259 1101 496 1177 Neganti
526 1100 740 1157 bellum
777 1098 972 1155 indicit
1014 1120 1025 1154 ε
1067 1099 1223 1174 quod
1263 1118 1389 1155 cum
1426 1118 1627 1175 parum

62 1220 327 1278 prospere
370 1211 681 1279 gereretur,
730 1209 1023 1258 contentus
1064 1199 1145 1255 illi
1187 1198 1308 1257 leve
1350 1200 1626 1256 tributum

65 1303 424 1379 imposuisse,
479 1303 729 1358 animum
781 1312 837 1360 et
887 1321 1039 1359 arma
1088 1303 1251 1359 vertit
1302 1302 1374 1359 ad
1424 1302 1630 1380 Philip-

64 1405 255 1480 pinaS,
291 1404 447 1481 quasi
489 1403 562 1460 ad
595 1404 879 1461 victoriam
923 1413 976 1461 et
1005 1403 1255 1481 praedam
1300 1401 1624 1460 faciliorem.

64 1505 296 1562 Litteras
333 1506 575 1562 minaces
616 1513 670 1561 et
711 1506 1036 1581 imperiosos
1082 1506 1153 1561 ad
1191 1525 1382 1562 earum
1414 1505 1630 1562 Guber-

63 1617 314 1665 natorem
345 1608 556 1665 scribit.
605 1606 907 1683 Rescripsit
948 1605 1192 1682 benigne
1231 1606 1622 1680 Gubernator,

66 1729 129 1766 ac
169 1710 341 1768 breve
376 1710 619 1786 spatium
659 1708 904 1784 rogavit,
940 1707 1076 1764 dum
1109 1709 1191 1765 sui
1235 1709 1402 1785 Regis
1439 1729 1632 1768 assen-

68 1829 193 1868 sum
235 1811 558 1887 impetraret
592 1831 605 1867 :
648 1828 862 1866 moram
913 1808 1120 1866 scilicet
1171 1818 1398 1885 captans
1435 1820 1499 1867 ut
1547 1831 1634 1870 res

67 1911 218 1969 bello
273 1913 607 1969 necessarias
665 1918 1031 1987 compararet.
1093 1909 1303 1967 Moram
1363 1919 1636 1987 pertaesus

67 2012 402 2089 Imperator,
465 2013 554 2068 cui
610 2010 928 2068 adulatores
980 2022 1371 2087 persuaserant
1422 2013 1636 2071 Guber-

66 2123 348 2186 natorem,
392 2113 676 2190 Japonicae
725 2113 989 2190 potentiae
1030 2123 1240 2171 terrore
1276 2114 1630 2191 perculsum,

71 2217 256 2274 statim
292 2214 570 2272 facturum
609 2215 908 2291 imperata,
957 2224 1012 2272 et
1051 2215 1266 2272 bellum
1310 2216 1382 2272 ab
1428 2217 1635 2295 Hispa-

70 2317 156 2374 nis
193 2317 376 2392 parari
418 2315 558 2373 serio
596 2315 819 2374 videus:
868 2316 1128 2376 delusum
1169 2337 1228 2377 se
1267 2318 1510 2396 denique
1543 2321 1634 2376 in-

69 2416 309 2488 tellexit,
369 2417 622 2493 iramque
676 2418 733 2473 in
795 2417 1168 2493 Christianos,
1229 2421 1288 2476 in
1341 2420 1634 2478 Lusitanos

71 2520 425 2598 potissimum
467 2538 530 2575 ac
573 2518 761 2576 Patres
803 2519 1118 2594 Societatis,
1165 2530 1451 2597 tamquam
1500 2520 1637 2578 iufe-

71 2621 193 2679 licis
223 2619 464 2692 consilii,
509 2628 564 2677 et
593 2620 672 2677 rei
701 2619 845 2677 male
888 2631 1056 2698 gestae
1099 2631 1351 2680 auctores
1388 2621 1590 2680 effudit
1620 2644 1632 2679 :

75 2721 464 2799 templumque
491 2722 974 2799 Nangazachiense
1003 2722 1168 2800 longe
1196 2722 1635 2801 pulcherrimum

76 2824 321 2882 exscindi
345 2844 470 2882 cum
502 2824 782 2882 domicilio
812 2824 1094 2883 Societatis
1119 2826 1307 2902 jussit.

239 2924 447 2982 Aderat
487 2925 855 3004 Nangazachii
886 2946 986 3004 per
1028 2945 1122 2984 eos
1152 2927 1270 2985 dies
1304 2926 1422 2984 Rex
1455 2925 1634 3002 Ingae,
1729 2945 1810 2984 Rex
1832 2943 1943 2996 Ingae

79 3028 179 3104 qui
227 3038 517 3104 perspecta
567 3029 1006 3088 Christianorum
1057 3029 1322 3107 patientia
1369 3029 1427 3083 iu
1487 3035 1640 3082 tanta
1675 3007 1912 3061 bapti²³²⁰³·

83 3127 421 3201 calamitate,
457 3138 513 3186 et
549 3132 766 3208 cognita
802 3151 871 3190 ex
905 3131 1026 3209 ipso
1055 3127 1404 3207 Nangazachi
1439 3125 1641 3202 guber-

82 3238 273 3288 natore
308 3228 531 3287 illorum
565 3231 910 3305 innocentia,
954 3231 1200 3288 divinam
1242 3229 1421 3304 legem
1466 3233 1641 3282 atten-

342 3350 505 3410 Tom.
553 3349 676 3409 III.
929 3427 938 3434 ἱ
1322 3348 1392 3404 11
