2147 3489
213 525 393 570 Societas
414 541 439 570 a

164 593 287 646 Greg.
336 594 438 635 XIII

162 657 418 703 confirmata.

189 2174 368 2219 Libellus
401 2179 451 2220 de

150 2241 320 2282 Ratione
367 2251 452 2285 stu-

147 2303 327 2349 diorum.

509 192 586 253 68
1170 214 1411 253 EPITOME

661 387 884 434 Annus
920 385 1165 435 Christi
1197 387 1405 437 1584:
1442 390 1784 439 societatis
1817 391 1923 439 45.

666 529 965 607 Gregorius
1022 531 1154 588 XIII
1211 532 1498 594 Societatis
1551 537 1871 594 institutum
1929 553 2074 592 nova

500 630 909 691 Constitutione
947 631 1265 711 Apostolica
1307 637 1689 712 confirmavit,
1738 640 1829 697 die
1879 650 2073 696 octavo

498 734 772 794 Calendas
801 736 988 810 Junii,
1029 746 1198 814 atque
1236 737 1381 796 hanc
1417 743 1725 817 praesertim
1763 741 1913 799 illius
1943 762 2077 819 par-

495 848 609 896 tem
632 883 647 911 7
692 859 820 916 quae
851 849 1066 917 spectat
1095 850 1223 898 vota
1260 841 1564 919 simplicia7
1597 853 1724 921 post
1752 845 2075 901 tironicium

493 942 674 1000 emitti
704 942 886 1000 solita.
934 942 1056 1000 Hoc
1084 945 1378 1021 proprium
1419 965 1483 1001 ac
1525 946 1807 1022 peculiare
1846 947 2074 1004 Ordinis

493 1044 669 1102 nostri
701 1055 900 1122 caput,
926 1048 1045 1122 jam
1076 1045 1208 1103 inde
1237 1046 1309 1102 ab
1340 1067 1486 1104 anno
1517 1069 1805 1106 MDLXXXII
1836 1049 2071 1126 quidam

491 1144 738 1223 theologi
782 1156 1280 1224 oppugnaverant,
1335 1156 1505 1224 atque
1554 1149 1741 1225 palam
1788 1150 2072 1226 negabant

490 1250 618 1308 illos
676 1251 775 1327 qui
826 1250 1180 1327 simplicibus
1236 1251 1312 1307 ita
1363 1250 1606 1308 devincti
1659 1253 1800 1310 votis
1852 1261 2068 1326 essent,

488 1351 779 1429 religiosos
838 1351 947 1408 dici
1005 1361 1291 1429 oportere3
1341 1352 1479 1429 quin
1522 1353 1689 1410 etiam
1739 1373 1902 1430 posse
1954 1355 2074 1412 sine

491 1473 768 1512 consensu
804 1463 860 1511 et
889 1454 1091 1530 injuria
1122 1453 1409 1512 Societatis
1430 1499 1444 1528 a
1479 1454 1552 1512 ab
1584 1475 1646 1512 ea
1665 1499 1679 1528 ‚
1722 1475 1851 1512 cum
1882 1455 2071 1515 libue-

486 1556 590 1628 rit,
623 1555 903 1612 recedere.
940 1554 1172 1611 Illorum
1197 1556 1517 1632 opinionem
1549 1557 1837 1614 damnavit
1867 1559 2072 1636 Grego-

487 1659 605 1715 rius
641 1656 791 1714 edita
841 1656 1249 1713 Constitutione
1288 1655 1531 1725 Quanto
1567 1659 1926 1733 frzcctiosz‘us
1955 1669 2064 1719 eto.

489 1778 637 1816 anno
666 1777 954 1815 MDLXXXII
985 1767 1040 1816 et
1070 1757 1243 1815 altera
1273 1757 1443 1834 hujus
1471 1759 1633 1832 anni,
1660 1780 1790 1836 quae
1819 1761 2014 1839 incipit
2051 1783 2064 1819 :

487 1856 853 1918 Ascendente
881 1857 1140 1917 Domino
1169 1869 1277 1918 etc,

653 1963 804 2020 Dum
840 1962 1127 2020 Societatis
1163 1962 1491 2021 Institutum
1534 1983 1680 2022 novo
1723 1965 1912 2023 firmat
1940 1987 2068 2046 pro-

487 2065 810 2144 pugnaculo
842 2066 1110 2123 Summus
1139 2065 1426 2139 Pontifex‚
1468 2067 1720 2144 ejusdem
1750 2068 2066 2128 doctrinam

486 2167 827 2246 Praepositus
885 2167 1168 2225 Generalis
1218 2177 1274 2226 et
1332 2168 1549 2227 scholas
1609 2170 1766 2228 novis
1827 2171 2065 2233 decretis

488 2270 757 2343 munivit7
817 2270 1168 2348 ornavitque.
1231 2270 1587 2348 Intelligebat
1640 2272 1907 2329 nimirum
1969 2275 2067 2333 Vir

483 2371 958 2450 prudentissimus
1011 2372 1154 2428 nihil
1203 2373 1276 2430 ad
1341 2373 1610 2430 doctrinae
1669 2376 2061 2452 securitatem,

482 2473 625 2531 nihil
669 2475 743 2532 ad
803 2474 1159 2552 splendorem
1213 2477 1626 2554 utilitatemque
1684 2479 2062 2556 Collegiorum

480 2575 602 2633 fieri
635 2577 1015 2654 praestabilius
1037 2596 1233 2655 posse,
1263 2600 1433 2656 quam
1459 2581 1502 2637 si
1528 2581 1668 2636 ratio
1702 2580 1941 2638 docendi
1965 2602 2062 2662 op-

479 2677 648 2750 tima7
693 2688 751 2735 et
793 2679 1111 2736 studiorum
1154 2681 1293 2738 ordo
1335 2684 1708 2755 rectissimus,
1749 2692 2054 2746 teneretur.

478 2777 568 2836 Ad
622 2779 776 2837 hunc
835 2780 1090 2839 ordinem
1149 2784 1563 2842 conficiendum
1621 2784 1912 2863 Aquaviva
1964 2809 2060 2848 sex

475 2879 735 2939 homines
784 2902 815 2939 e
858 2885 1063 2942 nostris
1123 2884 1474 2945 doctissimos
1524 2896 1580 2944 et
1628 2888 1687 2944 in
1737 2888 2057 2948 scholarum

475 2983 738 3062 palaestra
767 2985 867 3044 diu
896 2997 1173 3061 versatos,
1217 2990 1453 3046 Romam
1484 2992 1765 3064 evocavit7
1800 2994 1897 3069 qui
1929 3013 2058 3050 con-

475 3085 730 3145 sideratis
770 3089 1049 3145 variarum
1102 3091 1352 3166 gentium
1377 3136 1391 3165 7
1440 3093 1584 3149 inter
1627 3113 1768 3170 quas
1813 3094 2055 3153 Societas

471 3187 637 3248 docet
665 3235 680 3265 7
725 3192 1014 3267 moribus⁷
1061 3195 1606 3271 consuetudinibus,
1641 3195 1857 3273 aliquid
1903 3215 2052 3277 com-
