2147 3489
403 230 480 287 90
1062 248 1304 285 ΕΡΙΤΟΜΕ

399 359 624 428 peccata
653 351 894 428 quisque
916 351 1270 431 confiteatur.
1299 350 1527 409 Scholas
1553 369 1782 429 quoque
1810 350 1961 406 insti-

397 461 601 525 tuunt,
648 452 971 511 erudiendae
1013 456 1316 531 juventuti.
1371 456 1487 513 Nec
1536 456 1726 512 deerat
1778 453 1963 511 Missae

397 554 660 630 quaedam
689 556 953 628 imitatio,
979 555 1310 632 globuliqne
1338 555 1435 613 filo
1465 557 1653 614 inserti
1677 601 1691 628 ,
1725 565 1779 613 et
1799 563 1964 611 certae

395 674 587 731 preces
623 657 923 714 recitandae
953 657 1025 713 ad
1058 660 1395 714 rosariorum
1417 703 1431 730 ,
1473 668 1528 715 et
1557 658 1963 715 Breviariorum

396 758 849 816 similitudinem,
883 761 1142 836 Denique
1188 770 1335 816 certa
1371 760 1675 832 lavatione,
1724 776 1964 816 ceremo-

393 860 542 916 niam
562 862 827 938 baptismi
850 862 1145 935 referente,
1173 862 1449 939 populum
1473 860 1794 938 expiabant.
1816 859 1963 915 Huic

392 963 811 1039 persuadebant
873 975 1138 1022 venturos
1198 965 1356 1021 brevi
1411 972 1660 1019 mortuos
1709 962 1962 1038 ipsorum

393 1067 629 1141 majores
649 1111 662 1138 ,
697 1076 751 1123 et
779 1086 981 1124 nomen
1008 1067 1384 1124 Christianum
1408 1085 1471 1121 ac
1498 1064 1827 1122 Lusitanum
1859 1061 1964 1117 de-

391 1164 623 1225 leturos.
671 1167 747 1225 Ea
790 1170 889 1245 qui
937 1167 1182 1225 facerent
1224 1167 1628 1241 crederentque
1677 1164 1857 1221 salvos
1898 1181 1963 1217 ac

390 1267 586 1325 beatos
608 1268 754 1339 fore,
793 1271 892 1346 qui
923 1271 1282 1342 dubitarent,
1316 1290 1347 1326 a
1371 1268 1500 1326 feris
1529 1279 1584 1325 et
1605 1265 1963 1344 serpentibus

390 1368 537 1426 male
587 1371 886 1446 perituros.
945 1372 1027 1428 Ita
1079 1373 1389 1449 composito
1445 1371 1727 1447 religionis
1777 1367 1960 1439 idolo,

389 1470 683 1528 dimittunt
727 1475 782 1529 in
820 1493 1044 1531 omnem
1079 1483 1293 1550 partem
1331 1472 1613 1549 Evangelii
1647 1472 1775 1528 novi
1812 1489 1963 1547 prae—

389 1591 584 1646 coneS,
625 1593 867 1650 quornm
900 1573 1085 1631 furiali
1118 1593 1251 1631 voce
1281 1575 1540 1631 concitati
1565 1573 1793 1630 barbari
1823 1591 1962 1629 con-

389 1675 603 1751 spirant
644 1677 698 1730 in
737 1675 1067 1749 Lusitanos,
1116 1697 1179 1733 ac
1218 1677 1494 1753 plurimos
1539 1677 1961 1748 contrucidant,

386 1787 605 1834 vastant
635 1797 826 1854 agros,
867 1788 1119 1856 trapeta,
1162 1779 1374 1856 quibus
1412 1779 1814 1836 conficiebatur
1852 1798 1966 1835 sac-

387 1879 650 1955 charum,
720 1890 1009 1955 evertunt,
1069 1882 1382 1938 incendunt
1447 1881 1645 1939 domos
1668 1926 1682 1953 ,
1745 1879 1962 1956 ubique

384 1987 630 2044 flammis
681 1995 735 2045 et
779 1985 924 2043 ferro
976 1987 1235 2044 saeviunt.
1285 1986 1515 2042 Patrum
1566 1985 1625 2041 in
1677 1982 1963 2040 communi

385 2088 636 2165 periculo
676 2109 808 2146 cura
845 2098 900 2146 et
937 2088 1098 2145 labor
1131 2098 1279 2160 erat,
1320 2087 1553 2145 delinire
1587 2095 1835 2143 amentes
1857 2130 1871 2158 ,
1905 2094 1961 2142 et

384 2190 571 2250 frenos
609 2211 757 2249 coeco
798 2191 1005 2263 furori,
1048 2210 1406 2268 quacumque
1451 2191 1538 2246 via
1568 2189 1678 2263 fas,
1712 2190 1956 2265 injicere.

384 2294 520 2352 Plus
544 2293 778 2371 profecit
801 2294 1060 2350 Praetoris
1091 2292 1338 2350 Lusitani
1361 2296 1513 2369 justa
1538 2294 1798 2349 severitas
1820 2335 1833 2362 ,
1859 2291 1959 2367 qui

385 2398 672 2456 seditionis
700 2406 984 2454 auctorem
1014 2396 1364 2473 praecipuum
1394 2395 1592 2452 merito
1622 2393 1806 2450 affecit
1829 2412 1958 2469 sup-

384 2500 572 2576 plicio,
619 2501 765 2557 Hinc
800 2509 977 2557 terror
1016 2498 1443 2576 improborum,
1490 2495 1801 2573 hinc'fuga.
1839 2496 1955 2552 Nec

385 2602 525 2658 nihil
564 2602 636 2658 ad
668 2603 1003 2679 mitigandos
1041 2601 1250 2659 feroces
1282 2601 1498 2656 animos
1532 2598 1707 2654 valuit
1727 2599 1956 2673 insignis

385 2703 616 2761 venefici
642 2704 713 2759 ad
735 2705 930 2761 Fidem
957 2705 1241 2760 conversio
1279 2725 1290 2759 ε
1320 2704 1419 2780 qui
1450 2711 1640 2758 vocata
1665 2701 1952 2774 concione,

388 2818 616 2865 cunctos
647 2808 899 2865 hortatus
929 2817 1012 2865 est
1049 2816 1108 2863 ut
1139 2807 1355 2882 abjecta
1385 2806 1537 2861 inani
1562 2805 1955 2861 commentitiae

386 2909 667 2985 religionis
700 2908 915 2982 fabula,
958 2929 1140 2966 veram
1172 2910 1434 2985 pietatem
1457 2907 1951 2986 amplecterentur,

386 3013 446 3069 id
470 3014 623 3090 quod
653 3014 922 3071 sexcentis
951 3014 1246 3090 persuasit.
