2147 3489
438 147 516 207 50
1103 170 1344 209 EPITOME

437 269 591 328 domi
636 269 989 329 considentes
1031 272 1132 331 diu
1173 284 1458 353 noctuque
1499 289 1843 337 sacramenta
1883 300 2009 358 pos-

435 372 694 431 centibus
736 383 942 451 praesto
985 385 1162 432 erant.
1218 377 1622 455 Delphinatum
1675 390 1730 438 et
1769 381 2007 438 vicinam

432 474 714 550 regionem
745 474 1031 532 devastare
1061 479 1231 553 pestis
1253 479 1526 541 haereseos
1550 485 1840 562 pergebat.
1861 485 2004 543 Socii

434 577 592 635 nullo
628 577 789 650 ferri7
832 578 1026 634 veneni
1073 588 1171 635 aut
1214 581 1452 656 patibuli
1496 586 1746 661 periculo
1784 586 2004 659 abacti,

432 680 605 738 urbes
641 681 714 736 ab
745 680 1018 738 haereticis
1060 681 1206 738 civili
1244 683 1397 741 bello
1437 687 1523 744 vel
1554 701 1886 767 occupatas7
1918 690 2009 749 vel

432 783 638 842 exitiali
663 784 994 841 commercio
1018 785 1339 861 inquinatas
1373 802 1743 866 peragrarunt
1764 838 1777 865 7
1812 802 1867 850 et
1903 792 2012 848 ho-

433 895 622 943 nestos
672 905 736 942 ac
785 885 997 962 probos
1034 886 1251 965 ubique
1294 909 1478 948 mores
1520 912 1647 949 cum
1689 904 1840 950 recta
1874 894 2011 952 Fide

433 1008 694 1046 revocare
726 990 905 1046 conati
939 999 1090 1048 sunt.

597 1091 788 1148 Solent
824 1091 1080 1169 plerique
1116 1092 1502 1169 religiosorum
1541 1095 1819 1153 Ordinum
1852 1097 2009 1153 Prae-

430 1193 596 1268 positi
629 1193 913 1251 Generalis
942 1194 1251 1251 identidem
1291 1195 1530 1253 lustrare
1572 1197 1853 1254 domicilia
1885 1217 2010 1256 suo-

430 1313 582 1365 rum7
609 1305 663 1350 et
686 1294 824 1370 quid
845 1297 904 1350 in
927 1297 993 1352 iis
1016 1306 1241 1372 geratur
1263 1317 1448 1354 coram
1475 1296 1829 1375 cof-,vgnoscerev
1852 1300 2010 1358 Idem

432 1394 543 1451 sibi
578 1393 895 1453 faciendum
933 1406 1228 1473 putaverat
1267 1399 1537 1458 Claudius
1573 1400 1900 1478 Aquaviva,
1948 1412 2013 1459 ut

431 1517 533 1574 per
574 1517 631 1555 56
672 1498 1003 1575 inspiceret,
1042 1521 1171 1575 quae
1199 1500 1314 1558 fere
1337 1547 1351 1575 7
1392 1504 1498 1560 nisi
1537 1524 1637 1580 per
1669 1504 1880 1562 litteras
1913 1513 2012 1561 aut

431 1599 826 1658 Procuratores
863 1601 1063 1658 rescire
1101 1621 1215 1658 non
1254 1612 1492 1679 poterat.
1542 1604 1670 1660 Jam
1709 1624 1767 1662 se
1807 1605 1878 1661 ad
1908 1606 2013 1662 iter

432 1705 760 1781 accingebat
781 1748 796 1777 7
830 1723 959 1760 cum
991 1703 1162 1759 dilata
1194 1706 1356 1761 certis
1386 1705 1457 1761 de
1488 1706 1667 1763 causis
1699 1705 1968 1782 profectio
1991 1750 2006 1779 7

434 1827 498 1864 ac
540 1807 784 1883 denique
835 1807 1038 1864 omissa
1081 1807 1306 1882 penitus
1349 1816 1452 1863 est.
1501 1806 1697 1863 Rebus
1747 1808 2014 1865 omnibus

156 1918 364 1972 Praepositi
434 1910 700 1966 attentius
724 1907 1084 1966 consideratis
1107 1953 1121 1980 7
1147 1907 1513 1985 deprehensae
1537 1917 1669 1964 sunt
1693 1908 1861 1985 hujus
1886 1928 2013 1966 con-

100 1984 305 2026 Generalis
320 1985 397 2026 fixa

100 2051 238 2093 Romae
267 2052 394 2092 sedes.
435 2012 542 2070 silii
573 2011 831 2088 plurimae
861 2010 1248 2067 difficultates.
1283 2011 1427 2068 Nam
1457 2020 1660 2087 praeter
1686 2012 1833 2066 varia
1856 2011 2014 2068 itine-

432 2116 508 2172 ris
542 2112 836 2189 longinqui
870 2121 925 2168 et
973 2111 1227 2188 diuturni
1266 2111 1513 2188 pericula
1536 2156 1550 2184 7
1599 2112 1811 2188 quibus
1846 2112 2015 2188 objici

433 2217 721 2275 Societatis
756 2215 1167 2272 moderatorem
1189 2259 1203 2288 7
1251 2215 1370 2272 sine
1411 2216 1563 2291 gravi
1609 2224 1665 2272 et
1696 2216 2013 2273 ‘necessaria

435 2342 600 2381 causa
623 2341 737 2378 non
759 2320 1017 2378 convenit
1037 2364 1051 2391 7
1078 2337 1191 2395 quo
1227 2318 1450 2374 tandem
1475 2326 1638 2394 pacto
1663 2336 1866 2394 corpus
1894 2327 2010 2375 tam

434 2424 545 2481 late
588 2423 858 2480 diffusum
912 2420 1255 2498 gubernabit
1296 2418 1521 2477 assidua
1567 2419 2012 2496 peregrinatione

438 2524 758 2583 districtus?
789 2522 1074 2602 quomodo
1105 2522 1530 2579 Provinciarum
1557 2521 1754 2578 litterae
1776 2520 1846 2577 ad
1878 2541 2010 2578 eum

437 2628 794 2687 deferentur?
831 2647 1002 2704 quam
1035 2624 1229 2681 multae
1263 2624 1351 2681 vel
1381 2625 1557 2681 serius
1592 2621 1681 2679 vel
1718 2641 2012 2698 nunquam

433 2729 800 2809 pervenient?
844 2729 990 2785 Tum
1035 2725 1385 2783 deliberandi
1422 2745 1551 2782 cum
1588 2723 1702 2781 suis
1740 2721 2013 2780 Assisten-

436 2832 589 2889 tibus
639 2831 1028 2908 opportunitas
1088 2828 1244 2885 nulla
1289 2829 1439 2884 erit:
1502 2825 1658 2882 nulla
1711 2825 2010 2882 Summum

434 2920 760 2991 Pontificem
797 2933 878 3011 (id
909 2930 1062 3008 quod
1088 2931 1145 2986 in
1191 2928 1544 3006 gravioribus
1594 2928 1831 3004 negotiis
1867 2946 2010 3004 opus

433 3036 540 3114 651)
570 3035 837 3092 adeundi.
875 3034 974 3091 His
995 3078 1009 3105 7
1043 3032 1277 3108 aliisque
1307 3030 1377 3087 de
1423 3029 1602 3086 causis
1638 3029 2005 3085 constitutum

433 3139 542 3198 fuit
575 3149 637 3197 111
675 3138 1019 3216 Praepositus
1050 3133 1336 3193 Generalis
1371 3142 1700 3212 perpetuam
1735 3152 1800 3189 ac
1835 3131 2005 3190 fixam
