2147 3489
135 1405 154 1425 *
173 1405 298 1447 Psal.
334 1405 428 1447 117.

149 2948 198 2989 In
227 2944 444 2998 Hibernia,

459 146 579 206 283
1125 167 1367 205 EP1ToME

458 269 617 327 nullo
644 269 857 346 judicio
887 270 1143 329 instituto
1177 292 1189 327 ε
1231 268 1587 327 Sacerdotem
1626 288 1746 328 esse
1787 270 2029 347 suspica-

458 371 689 428 bantur.
726 372 981 450 Suspicio
1012 374 1143 431 satis
1172 392 1333 429 noxae
1363 370 1489 430 fuit.
1524 371 1745 428 Socium
1777 370 2031 447 gloriosae

462 476 656 534 mortis
678 475 879 532 habuit
901 475 964 532 P.
986 476 1236 533 Marcum
1263 473 1687 546 Bakworthum,
1715 492 1745 528 a
1769 472 1825 529 S.
1845 472 2033 529 Marco

461 576 632 654 vulgo
695 577 941 649 dictum„
1010 577 1348 634 Monachum
1419 577 1839 634 Benedictinum
1861 620 1876 648 7
1934 575 2034 652 qui

462 677 816 736 Filkochium
855 687 1016 735 vocat
1048 680 1102 735 in
1138 679 1483 757 quibusdam
1514 679 1710 736 litteris
1739 680 1922 736 virum
1955 677 2036 734 in-

464 780 695 857 signiter
730 779 1034 854 humilem7
1079 782 1280 839 eximia
1332 781 1629 854 charitate,
1674 780 1941 858 patientia
1982 788 2038 836 et

462 881 669 958 pietate
702 881 1033 959 praeditum7
1075 883 1310 960 dignum
1349 887 1508 960 cujus
1544 884 1657 940 vita
1692 890 2040 961 proponatur

465 982 732 1041 omnibus
779 993 1069 1061 tamquam
1120 985 1344 1042 vivendi
1395 985 1679 1062 exemplar
1720 994 1775 1042 et
1818 1003 2034 1041 norma.

464 1082 653 1141 Ambo
682 1085 863 1143 eidem
894 1089 1028 1144 crati
1060 1089 1312 1145 vimineae
1335 1089 1582 1166 impositi
1605 1089 1675 1146 ad
1700 1088 2042 1166 supplicium

465 1188 670 1263 raptati
708 1197 870 1259 sunt,
910 1190 1055 1247 illud
1098 1191 1429 1248 Davidicum
1470 1192 1846 1249 concinentes,
1894 1189 2043 1248 Hoec

466 1290 589 1347 dies
617 1311 803 1367 quam
825 1291 975 1366 fecit
999 1291 1320 1364 Dominus,
1346 1292 1677 1350 exultemus
1699 1302 1754 1349 et
1774 1293 2046 1349 loetemzcr

466 1395 536 1449 in
565 1413 633 1450 ea
662 1391 691 1419 *
722 1394 1005 1471 simulque
1034 1396 1092 1451 in
1117 1395 1375 1472 patibulo
1408 1395 1848 1472 triumpharunt.

633 1494 902 1571 Majorem
926 1498 984 1552 in
1015 1496 1213 1575 Anglis
1244 1497 1612 1574 praedonibus
1635 1497 1924 1554 maritimis
1945 1495 2048 1553 hu-

471 1596 795 1652 manitatem
840 1599 1052 1671 experti
1085 1606 1216 1653 sunt
1245 1597 1439 1671 viginti
1473 1615 1504 1652 e
1532 1597 1735 1653 nostris
1764 1597 2044 1669 Lusitani,

470 1704 725 1774 petentes
770 1695 1078 1753 Brasiliam.
1125 1697 1293 1754 Navis
1323 1696 1540 1772 Belgica
1561 1740 1576 1769 7
1609 1716 1721 1773 qua
1758 1697 2050 1755 veheban-

472 1807 589 1871 tur‚
623 1818 655 1854 a
694 1797 920 1857 duabus
956 1797 1202 1876 Anglicis
1233 1808 1588 1877 oppugnata,
1614 1811 1743 1877 post
1771 1820 1896 1857 acre
1925 1820 2050 1860 cer-

473 1911 663 1960 tamen
698 1901 1042 1959 deditionem
1084 1901 1235 1960 fecit.
1272 1903 1463 1960 Patres
1502 1903 1703 1979 injuria
1745 1901 2046 1980 prohibiti,

474 2027 668 2065 mensa
715 2008 880 2064 etiam
930 2006 1237 2064 liberaliter
1287 2007 1499 2084 accepti
1550 2016 1682 2064 sunt
1739 2026 1771 2063 a
1822 2006 2050 2063 navium

474 2109 852 2187 gubernatore
909 2107 1112 2185 Anglo,
1163 2109 1297 2167 Pars
1348 2110 1603 2167 instructi
1655 2108 1852 2165 viatico
1896 2115 1951 2164 et
1991 2107 2052 2162 in

475 2214 712 2291 patriam
756 2212 1006 2287 dimissi,
1048 2232 1177 2290 pars
1218 2213 1291 2269 ab
1334 2212 1532 2270 eodem
1570 2212 1628 2268 in
1662 2210 1919 2288 Angliam
1957 2210 2053 2268 de-

474 2315 700 2393 portati.
750 2315 998 2391 Rogatus
1037 2335 1136 2371 cur
1180 2334 1275 2373 eos
1317 2334 1430 2371 non
1468 2313 1701 2392 perinde
1743 2334 1807 2370 ac
1843 2321 2052 2370 ceteros

476 2419 633 2478 abire
680 2419 890 2477 liberos
932 2426 1239 2496 pateretur,
1293 2416 1583 2494 respondit
1625 2434 1682 2473 se
1723 2414 1783 2470 id
1820 2413 2051 2490 quidem

477 2520 612 2579 alias
641 2520 861 2595 fecisse,
899 2542 1091 2579 verum
1121 2542 1152 2578 a
1181 2522 1408 2598 Reginae
1437 2518 1775 2576 administris
1813 2516 2052 2592 graviter

471 2626 653 2684 fuisse
712 2626 1109 2702 objurgatum,
1171 2624 1385 2701 quippe
1434 2622 1533 2699 qui
1583 2621 1830 2676 dicerent
1879 2618 2050 2676 satius

483 2748 602 2786 esse
625 2728 747 2804 capi
779 2747 955 2783 unum
991 2727 1296 2798 Jesuitam7
1328 2743 1499 2801 quam
1530 2721 1722 2779 decem
1752 2738 2048 2777 aureorum

484 2832 657 2890 millia
687 2831 745 2886 in
775 2829 975 2886 fiscum
1006 2827 1218 2884 inferri.

649 2935 789 3006 Quae
810 2933 948 2988 ratio
972 2930 1234 2995 satellites
1256 2928 1484 3005 Reginae
1507 2933 1698 2983 contra
1721 2923 2048 2980 Societatem

483 3035 756 3095 offerebat
787 3035 845 3090 in
884 3031 1113 3110 Anglia,
1154 3031 1350 3089 eadem
1389 3029 1513 3087 illos
1546 3030 1606 3086 in
1638 3025 1904 3083 Hibernia
1945 3025 2048 3082 sti-

486 3139 761 3197 mulabat.
795 3137 860 3194 In
888 3136 1035 3194 hanc
1063 3135 1178 3193 duo
1214 3155 1245 3194 e
1273 3133 1476 3194 nostris
1502 3131 1569 3190 P.
1600 3128 1848 3188 Jacobus
1877 3125 2048 3184 Arce-
