2147 3489
419 149 539 206 216
1086 178 1326 217 EPITOME

421 277 629 353 sparsi,
683 296 798 354 quo
853 277 1046 357 religio
1105 284 1369 357 vocabat3
1425 297 1616 363 gentes
1669 291 1813 352 feras
1865 317 1993 374 quae

420 398 619 455 vagam
662 379 721 435 in
772 381 948 460 sylvis
993 393 1048 441 et
1098 387 1387 445 montibus
1439 391 1607 448 vitam
1659 394 1990 472 trahebant.,

422 481 706 541 deduxere
749 485 807 540 in
860 495 1035 543 certas
1081 487 1239 546 sedes
1291 498 1346 547 et
1396 491 1541 548 civili
1596 495 1853 555 societate
1902 499 1996 557 de-

422 585 750 659 vinxerunt,
778 583 842 644 ut
870 589 1090 647 Christo
1121 590 1337 650 facilius
1358 596 1750 671 jungerentur.
1788 600 1992 659 Eorum

421 689 692 766 praecipui
729 689 991 764 fuerunt,
1030 693 1229 750 insulae
1261 694 1534 773 Antipolis
1572 700 1798 774 incolae,
1832 711 1992 779 rapto

423 789 605 847 vivere
647 793 883 864 assueti,
925 813 1028 850 nec
1065 794 1203 851 belli
1240 796 1439 871 rudes,
1482 809 1650 877 atque
1687 803 1827 860 adeo
1870 825 1994 862 nec-

420 890 558 947 dum
597 891 671 948 ab
711 893 973 971 Hispanis
1005 895 1222 954 domiti.
1261 897 1554 978 Assignato
1590 906 1804 963 cunctis
1834 925 1992 982 agm,

421 1010 574 1050 casas
619 994 762 1051 circa
805 997 1080 1074 templum
1131 999 1417 1059 Societatis
1461 1004 1796 1080 condidere7
1842 1007 1998 1064 audi-

419 1104 651 1174 tamque
716 1098 820 1155 Dei
885 1099 1067 1177 legem
1139 1104 1455 1179 probarunt
1523 1127 1753 1181 omnes,
1822 1109 1998 1186 aliqui

421 1208 808 1275 susceperunt.
846 1199 992 1258 Hinc
1032 1202 1335 1280 bipartitus
1372 1206 1602 1265 Patrum
1638 1208 1834 1267 labor:
1879 1211 2000 1270 aliis

419 1301 736 1380 neophytos
793 1301 1016 1380 plenius
1076 1307 1498 1381 erudientibus3
1572 1310 1692 1369 aliis
1748 1312 2000 1373 ethnicos

421 1402 490 1460 ad
522 1402 886 1482 deponendas
919 1409 1342 1483 superstitiones
1368 1410 1747 1471 hortantibus.

584 1508 792 1566 Insulae
849 1509 1060 1567 Zebuae
1108 1513 1438 1588 proceribus
1495 1515 1655 1572 enixe
1703 1515 2002 1592 flagitanti-

419 1608 563 1682 hus,
609 1610 739 1666 data
781 1620 865 1669 est
905 1611 1125 1685 schola,
1172 1615 1364 1691 pueris
1407 1616 1658 1693 ipsorum
1705 1617 1995 1676 docendis.

423 1710 635 1768 Zebuae
677 1732 792 1768 non
834 1713 981 1770 cedit
1021 1715 1205 1771 insula
1255 1715 1457 1794 Leyta,
1504 1718 1618 1775 sive
1660 1717 2004 1777 feracitatem

426 1815 527 1873 soli
589 1824 836 1893 specteS‚
899 1817 1014 1875 sive
1072 1817 1459 1875 salubritatem
1530 1818 1674 1876 coeli.
1739 1820 2004 1898 Quinque

424 1916 540 1974 illic
571 1919 835 1977 stationes
869 1918 1193 1977 Societatis:
1235 1919 1548 1994 Dulacuni⁷
1581 1922 1870 1999 Carigara⁷
1904 1923 2005 1981 Pa-

424 2021 576 2095 lum,
625 2022 878 2099 Ogmus7
932 2032 987 2080 et
1035 2021 1327 2100 Alangata.
1378 2025 1617 2082 Fructus
1659 2026 1718 2082 in
1768 2026 2004 2103 singulis

427 2138 618 2185 tantus
645 2128 884 2200 exstitit,
927 2135 991 2183 ut
1020 2126 1329 2184 multorum
1362 2146 1640 2184 annorum
1664 2127 1772 2184 dici
1811 2129 2005 2187 messis

426 2239 640 2308 posset.
690 2229 1032 2287 Industriam
1077 2240 1430 2303 nostrorum7
1479 2230 1537 2286 in
1588 2230 1772 2288 insula
1814 2231 2008 2289 lbabae

428 2332 617 2410 ampla
647 2341 703 2389 et
733 2331 1043 2409 frequenti7
1091 2332 1307 2409 adjuvit
1337 2333 1672 2410 pestilentia.
1719 2335 2005 2412 Evangelii

426 2453 715 2512 praecones
749 2454 852 2512 per
885 2454 1037 2492 casas
1075 2435 1338 2508 admissia
1377 2435 1661 2494 auditores
1695 2438 1842 2494 nacti
1877 2446 2009 2494 sunt

426 2535 729 2594 benevolos
768 2546 824 2594 et
857 2546 1129 2609 attentos3
1180 2537 1316 2595 tales
1358 2538 1479 2616 ipsa
1523 2537 1805 2595 calamitas
1846 2537 2008 2596 facie-

426 2637 548 2695 bat.
591 2639 746 2696 Mille
793 2640 851 2695 in
895 2638 1048 2696 hunc
1086 2639 1318 2697 modum
1357 2640 1515 2697 brevi
1551 2649 1802 2716 tempore
1838 2640 2007 2698 sacris

428 2741 591 2817 aquis
633 2741 824 2812 tincti,
869 2762 998 2798 cum
1041 2762 1139 2819 spe
1169 2743 1379 2819 optima
1424 2739 1618 2797 salutis
1648 2748 1871 2797 aeternae
1913 2740 2008 2798 de-

431 2851 738 2900 cesserunt.
774 2842 892 2899 Nec
921 2843 1106 2900 minus
1136 2844 1345 2900 interea
1376 2862 1504 2898 cum
1535 2841 1856 2899 valentibus
1885 2861 2012 2919 pro-

431 2944 664 3003 fectum.
706 2945 848 3001 Data
882 2945 1191 3021 praesertim
1233 2963 1431 3020 opera,
1475 2952 1539 2999 ut
1575 2944 1845 3020 primores
1881 2963 2012 3020 gen—

434 3048 505 3104 tis
555 3056 611 3104 et
661 3045 999 3104 familiarum
1051 3045 1419 3103 illustriorum
1473 3047 1653 3123 capita
1710 3044 2010 3122 Evangelio

435 3148 704 3208 faverent.
759 3150 832 3209 Iis
885 3147 1240 3222 volentibus,
1302 3150 1621 3227 congregati
1672 3148 1905 3208 diversis
1953 3148 2011 3204 in
