2147 3489
552 274 824 313 msromffi
865 274 1184 311 sociETAT1s
1215 269 1311 312 ‘JES
1321 277 1376 313 u.
1625 255 1737 313 131

184 375 321 433 Inde
343 375 736 433 catholicorum
759 374 936 432 libera
957 374 1266 452 indignatio
1282 420 1295 447 ,
1329 386 1383 432 et
1412 376 1603 433 Galliae
1624 395 1746 454 per-

188 479 434 536 turbatio
456 478 800 555 gravissima.
829 477 1140 549 Quaesitum
1170 475 1481 534 remedium
1502 522 1515 549 ,
1551 479 1609 534 in
1638 477 1746 535 col-

189 581 382 659 loquio
406 582 758 653 pisciacensi,
800 579 870 637 de
904 599 1018 656 quo
1049 579 1394 635 narravimus
1431 577 1502 633 ad
1537 598 1748 636 annum

192 705 394 742 MDLXJ.
441 685 722 756 Haeretici,
768 684 866 760 qui
909 701 1022 738 non
1071 702 1294 759 pacem,
1340 680 1437 738 sed
1470 680 1750 737 excidium

187 786 470 844 catholicae
501 786 782 864 religionis
813 786 1112 857 volebant,
1151 785 1369 843 bellum
1412 784 1750 861 redintegra-

186 896 349 959 ruut,
386 890 672 965 praecipuo
709 888 852 946 duce
884 887 1167 944 Ludovico
1195 887 1452 964 Principe
1481 886 1746 944 CondaeO.

189 988 406 1065 Magnis
423 990 678 1048 cladibus
693 990 918 1047 affectos
942 989 1012 1046 ad
1031 990 1299 1061 Drocum,
1325 989 1397 1045 ad
1415 988 1715 1045 Jarnacum
1732 1031 1748 1060 ,

186 1091 260 1148 ad
280 1092 735 1150 Monconturium
759 1137 771 1165 ,
807 1092 1050 1169 denique
1071 1090 1293 1148 Parisiis
1322 1109 1464 1167 pene
1487 1089 1558 1145 ad
1587 1089 1753 1144 inter·

186 1194 473 1250 necionem
499 1193 733 1265 deletos,
762 1194 934 1250 erexit
964 1192 1152 1250 obitus
1177 1191 1360 1250 Caroli
1384 1191 1487 1262 IX,
1515 1190 1603 1247 cui
1634 1209 1756 1247 suc-

191 1293 394 1351 cedens
424 1294 591 1351 frater
622 1294 896 1352 Henricus
933 1294 1039 1368 III,
1073 1294 1264 1350 relicto
1306 1293 1550 1349 Poloniae
1592 1290 1754 1363 soli0,

188 1394 407 1452 bellum
438 1397 593 1453 initio
631 1398 688 1452 in
725 1397 1014 1453 haereticos
1052 1396 1318 1453 decrevit.
1353 1394 1484 1452 Mox
1515 1396 1635 1470 ejus
1665 1401 1759 1448 tae-

189 1499 282 1555 dio
299 1543 313 1571 ,
347 1500 419 1555 ad
442 1519 635 1575 pacem
660 1499 937 1570 decurrit,
966 1518 1094 1574 quae
1117 1517 1229 1553 non
1259 1506 1477 1553 tantum
1502 1494 1760 1573 perduel-

185 1598 339 1657 libus
362 1599 684 1657 facultatem
709 1599 881 1656 dabat
903 1599 1177 1653 haereseos
1199 1595 1384 1673 palam
1408 1594 1756 1667 exercendae,

188 1700 288 1758 Sed
317 1701 527 1758 bonam
557 1701 752 1759 Galliae
775 1710 991 1775 partem
1011 1697 1120 1754 illis
1143 1696 1541 1774 possidendam
1570 1715 1762 1753 conce-

192 1799 386 1857 debat.
434 1800 510 1858 Ea
542 1820 653 1878 pax
696 1798 995 1856 catholicos
1038 1799 1118 1854 ira
1154 1807 1209 1855 et
1237 1798 1454 1875 pudore
1488 1797 1758 1854 incendit.

194 1901 401 1959 Foedus
456 1921 559 1979 pro
617 1900 853 1958 tutanda
901 1899 1166 1977 religione
1220 1901 1364 1957 inter
1415 1918 1473 1957 se
1519 1897 1761 1971 feriunt,

191 2003 519 2062 auctoribus
556 2004 864 2081 praesertim
894 2002 1127 2075 Guisiis,
1162 2021 1305 2079 quos
1334 2021 1435 2079 per
1465 2021 1690 2058 causam
1711 2008 1767 2058 et

192 2124 399 2163 nomen
449 2105 842 2163 conservandae
888 2104 1170 2181 religionis
1219 2123 1456 2181 regnum
1506 2102 1766 2160 affectare

197 2209 512 2285 suspicatus
553 2209 673 2266 Rex
716 2207 956 2265 interfici
993 2207 1161 2284 jussit
1199 2225 1345 2263 anno
1387 2224 1760 2264 MDLxxan.

197 2308 402 2367 Audita
439 2311 757 2368 Guisiorum
789 2329 958 2381 nece,
1005 2308 1251 2387 populus
1291 2307 1504 2379 furere,
1552 2306 1766 2363 Lutetia

195 2411 405 2488 Regem
437 2421 727 2489 tamquam
771 2411 1054 2469 catholicis
1084 2410 1340 2488 partibus
1370 2408 1636 2467 infestum
1667 2428 1769 2466 ex-

200 2512 450 2571 cludere.
493 2514 651 2570 Hanc
685 2513 824 2570 dum
869 2512 1128 2570 obsidere
1168 2521 1359 2589 parat,
1395 2530 1570 2569 caesus
1600 2511 1768 2568 estin

198 2616 378 2672 vicino
407 2635 550 2693 pago
589 2615 708 2673 Cal.
741 2615 1044 2673 Sextilibus
1078 2614 1246 2691 hujus
1285 2615 1416 2671 anni
1436 2632 1763 2670 mcxxxix.

201 2717 507 2775 Henricum
546 2718 927 2790 Borbonium,
962 2718 1097 2794 regii
1135 2716 1420 2793 sanguinis
1456 2715 1769 2792 Principem

199 2821 550 2895 proximum,
592 2820 741 2897 leges
778 2820 935 2896 regni
963 2818 1036 2876 ad
1078 2818 1280 2877 solium
1317 2817 1612 2874 vocabant.
1661 2814 1769 2872 Sed

199 2918 523 2978 haereticum
554 2922 818 2980 horrebat
848 2922 1048 2993 Gallia,
1074 2921 1290 2978 Lutetia
1314 2919 1595 2977 moenibus
1624 2937 1770 2974 arce-

200 3022 321 3078 bat.
359 3022 501 3079 Cum
543 3033 732 3081 tamen
763 3023 1106 3082 voluntatem
1137 3024 1410 3081 haereseos
1447 3018 1770 3078 deserendae

204 3123 552 3195 ostenderet,
607 3129 726 3201 ejus
777 3136 962 3203 partes
1026 3146 1227 3203 magna
1279 3143 1407 3201 pars
1465 3122 1771 3178 nobilitatis

207 3226 462 3306 amplexa
511 3236 623 3299 est,
671 3227 873 3302 altera,
912 3230 1069 3286 Duce
1104 3227 1414 3299 MeduanO,
1452 3223 1771 3281 Guisiorum
