2147 3489
109 706 325 750 Hibernica

82 772 236 815 Missio.

124 2166 172 2208 In
212 2165 380 2210 Brasilia

79 2231 317 2285 prohibetur

79 2297 275 2341 Servitus.

421 175 545 235 234
1099 197 1339 236 EplToME

421 300 703 358 Scoticum
747 300 1118 360 Seminarium
1166 302 1226 359 in
1277 300 1466 379 Belgio
1509 300 1843 361 collocatum
1894 304 2000 363 fuit

419 401 672 475 Lovanii3
708 413 934 462 steterat
965 403 1236 463 hactenus
1266 404 1473 476 Duaci3
1514 405 1631 463 visa
1654 414 1738 464 est
1769 426 1832 463 ea
1863 407 2002 464 civi-

417 513 503 563 tas
532 507 797 564 remotior
838 528 869 564 a
913 507 1125 578 Scotia3
1167 515 1297 563 tum·
1334 505 1531 564 Gallici
1574 506 1713 564 belli
1753 507 2001 565 tumultu

415 605 740 684 importune
768 609 1176 687 perstrepebat.

585 710 733 768 Dum
770 711 1078 768 vexabatur
1108 710 1322 768 Scotica
1349 711 1565 785 missio7
1591 712 1896 770 Hibernica
1919 721 2004 770 est

417 810 746 869 instaurata.
777 813 1197 871 Ostenclebatur
1219 813 1407 891 aliqua
1439 833 1566 891 spes
1598 815 1999 872 confirmandae

417 912 701 989 religionis
749 915 809 970 in
857 914 963 972 hac
1012 915 1229 988 insula⁷
1287 917 1555 973 Romanae
1596 916 1729 974 fidei
1782 937 2004 995 semper

418 1015 849 1074 studiosissima.
896 1018 1062 1096 Hugo
1100 1019 1356 1076 Tiraeniae
1393 1020 1623 1093 Comes,
1664 1020 1812 1077 avita
1847 1039 2006 1078 sacra

418 1116 764 1176 defendebat
793 1122 964 1178 armis
994 1121 1281 1180 felicibus,
1315 1122 1495 1180 Erecti
1532 1142 1646 1180 non
1674 1123 2002 1200 poenitendo

419 1239 681 1279 successu
715 1221 1004 1297 catholici,
1030 1224 1393 1301 postularunt
1417 1223 1699 1282 Hibernos
1730 1224 2005 1282 Sacerdo-

417 1331 531 1396 tes,
565 1344 596 1380 a
627 1323 860 1383 Summo
882 1327 1176 1400 Pontifice,
1209 1336 1265 1385 et
1295 1348 1324 1383 a
1356 1327 1644 1384 Societatis
1668 1327 1998 1404 Praeposito,

416 1427 570 1487 Missi
612 1428 770 1488 fuere
812 1431 1002 1489 Patres
1046 1431 1299 1489 Jacobus
1338 1430 1577 1489 Arcerus
1621 1440 1677 1489 et
1728 1431 2004 1489 Henricus

416 1531 762 1589 Fitzsimon:
805 1552 949 1610 quos
988 1533 1186 1591 utilem
1228 1551 1457 1610 operam
1497 1553 1730 1592 navasse
1771 1541 2006 1611 apparet

415 1655 485 1692 ex
517 1634 773 1711 ejusdem
813 1634 1118 1712 Aquavivae
1152 1636 1384 1707 litteris,
1416 1636 1567 1712 ipsos
1600 1636 1675 1692 ob
1708 1656 1824 1692 rem
1858 1636 2007 1694 bene

415 1745 631 1813 gestam
674 1735 960 1795 laudantis
1005 1736 1290 1814 simulque
1324 1737 1711 1810 admonentis,
1759 1746 1823 1793 ut
1859 1736 2008 1794 loco-

415 1858 546 1897 rum
582 1858 648 1897 ac
685 1848 1008 1917 temporum
1046 1841 1434 1913 meminerint,
1464 1859 1662 1916 neque
1698 1839 2006 1917 suscipiant

415 1942 771 2020 quidquam,
850 1943 1004 2001 uude
1074 1942 1363 2001 catholicis
1442 1943 1616 2001 creari
1686 1941 2004 2020 periculum

414 2047 615 2122 possit.

581 2149 662 2208 Ac
702 2151 763 2207 in
803 2148 1005 2228 Anglia
1047 2149 1311 2227 quidem,
1366 2149 1564 2207 itidem
1609 2158 1674 2206 ut
1715 2149 1776 2205 in
1819 2147 2003 2204 Scotia

415 2261 471 2312 et
512 2252 815 2325 Hiberniaa
863 2252 924 2308 id
961 2273 1062 2330 per
1107 2253 1295 2310 Socios
1340 2251 1644 2329 agebatur,
1689 2259 1755 2308 ut
1795 2269 1867 2306 ne
1908 2268 2003 2306 re-

413 2356 547 2434 ligio
591 2375 822 2434 prorsus
856 2366 1045 2413 rueret
1085 2377 1097 2413 :
1142 2357 1201 2412 in
1242 2354 1447 2428 Indiis‚
1493 2363 1557 2411 ut
1600 2361 1901 2431 augeretur
1938 2370 2003 2408 ac

412 2460 661 2518 floreret.
733 2459 877 2517 Cum
943 2459 1088 2517 inter
1146 2457 1387 2515 Brasilos
1447 2475 1710 2533 magnam
1776 2453 2002 2509 afferret

413 2562 748 2639 Evangelico
793 2562 975 2618 labori
1024 2581 1239 2618 moram
1284 2561 1689 2637 Europaeoi²um
1735 2556 1996 2627 avaritia,

414 2667 517 2744 qui
565 2667 753 2742 gravia
810 2665 1141 2742 imponebat
1211 2685 1379 2723 onera
1449 2661 1761 2738 indigenis,
1818 2668 1874 2716 et
1932 2659 2000 2716 iis

417 2779 707 2845 tamquam
762 2769 1054 2844 mancipiis
1109 2788 1258 2845 saepe
1307 2765 1721 2835 abutebantur3
1785 2762 1999 2839 signifi-

415 2879 602 2928 catum
639 2879 724 2927 est
756 2871 919 2926 tertio
956 2869 1174 2927 decimo
1211 2868 1485 2928 Calendas
1522 2867 1741 2945 Apriles
1777 2868 1995 2943 regium

415 2973 687 3030 momenti
736 2972 903 3050 longe
948 2973 1175 3029 maximi
1221 2972 1587 3044 mandatum,
1635 2990 1749 3048 quo
1803 2969 2000 3048 prohi-

413 3074 692 3148 bebatur,
755 3096 826 3133 ne
874 3076 1000 3153 quis
1059 3075 1358 3133 Lusitanus
1418 3073 1657 3132 Brasilos
1714 3073 1998 3151 abriperet

413 3177 472 3234 in
528 3178 875 3236 servitutem.
941 3177 1077 3236 Haec
1146 3177 1297 3236 enim
1366 3178 1599 3255 injuria,
1659 3175 1750 3235 hic
1813 3184 1996 3234 metus
