2147 3489
152 2150 429 2195 Controversia

152 2218 204 2261 de
220 2216 402 2261 Auxiliis.

467 181 590 241 270
1133 207 1372 244 EPITOME

469 306 850 366 adduxerunt.
887 307 949 364 P.
978 307 1224 367 Joannes
1261 309 1506 386 Baptista
1542 310 1715 368 Baeza
1747 314 1807 369 in
1840 315 2039 373 urbem

469 428 769 485 arcemque
818 410 1195 468 Giatzucirum
1239 413 1502 470 excurrit.
1561 412 1739 491 Opera
1775 418 1893 493 jam
1945 439 2043 495 per

470 512 769 569 triennium
795 513 875 570 ibi
901 515 1080 591 posita
1103 523 1159 571 et
1180 515 1397 591 perdita
1421 513 1620 572 fuerat.
1649 516 2043 594 Improborum

468 615 835 691 pervicaciam
885 626 941 673 et
985 616 1260 673 feritatem
1305 616 1523 673 domuit
1573 619 1809 678 coelestis
1845 623 2040 698 gratia.

471 716 767 794 Suppetias
815 728 1081 774 venerant
1123 718 1273 774 Patri
1316 719 1504 776 Baezae
1556 731 1797 796 quatuor
1851 722 2048 780 Sacer-

473 819 632 876 dotes
655 818 963 891 Societatis,
986 820 1198 896 quibus
1223 820 1451 878 brachia
1475 820 1630 879 fuere
1659 825 2045 896 sustentanda,

475 941 605 979 cum
635 922 991 999 baptizandis
1013 923 1313 1002 neophytis
1341 924 1689 996 fatiscerent3
1724 926 1863 984 adeo
1886 925 2051 982 multi

474 1044 542 1082 ex
586 1024 810 1102 oppidis
848 1026 1041 1083 vicinis
1086 1027 1358 1103 pagisque
1401 1038 1795 1086 convenerant.
1854 1028 2052 1086 Praeda

476 1126 700 1185 Christo
741 1136 899 1204 parta
929 1127 1035 1184 fuit
1066 1129 1382 1187 animarum
1417 1133 1610 1209 viginti
1652 1135 1906 1211 quinque
1935 1133 2056 1190 mil-

475 1228 639 1286 lium.
688 1228 933 1287 Omnino
977 1233 1331 1309 septuaginta
1368 1234 1540 1291 millia
1571 1234 1679 1291 hoc
1711 1246 1766 1292 et
1801 1235 2057 1312 sequenti

477 1349 625 1387 anno
664 1331 736 1387 acl
777 1332 972 1390 Fidem
1019 1335 1316 1392 accessisse
1346 1336 1738 1413 perhibentur.
1773 1336 1924 1394 Inter
1957 1336 2059 1414 dy-

477 1443 664 1492 nastas
694 1444 750 1493 et
779 1435 1061 1513 principes
1086 1437 1182 1513 qui
1209 1436 1376 1495 dulce
1408 1437 1610 1497 Christi
1634 1441 1840 1516 jugum
1873 1437 2058 1496 subie-

478 1549 642 1611 runt„
688 1547 844 1595 tanto
888 1540 1158 1616 insignior
1202 1539 1310 1596 fuit
1346 1539 1552 1596 Arimae
1581 1541 1802 1617 regina,
1848 1547 2060 1616 quanto

480 1649 600 1698 erat
628 1642 970 1718 pertinacius
1001 1640 1180 1697 cultui
1212 1640 1483 1697 falsorum
1514 1642 1813 1698 numinum
1843 1640 2055 1698 dedita.

482 1743 645 1801 Illam
686 1743 752 1800 P.
804 1743 1145 1819 Valignanus
1190 1741 1433 1798 abduxit
1468 1741 1542 1799 ab
1583 1743 1755 1820 impia
1799 1746 2063 1821 supersti-

482 1845 665 1916 tione,
711 1865 841 1902 cum
892 1845 1153 1903 universa
1208 1847 1328 1921 ejus
1379 1842 1611 1902 familia.
1659 1846 1915 1923 Denique
1964 1867 2062 1905 rex

485 1946 816 2026 Amangucii
856 1948 1230 2006 Morindonus
1272 1967 1478 2005 novem
1528 1969 1832 2026 regnorum
1876 1950 2065 2007 domi-

484 2072 594 2111 nus
609 2097 623 2125 ,
649 2051 873 2130 pulsam
896 2051 1029 2108 olim
1054 2051 1382 2109 Societatem
1409 2052 1467 2107 in
1492 2051 1772 2128 integrum
1795 2052 2063 2110 restituit.

649 2154 874 2227 Restat‚
902 2163 966 2210 ut
989 2153 1299 2212 clausulam
1322 2152 1454 2211 huic
1489 2173 1635 2210 anno
1672 2154 2061 2230 imponamUS,

485 2257 817 2336 explicanda
867 2256 1114 2314 breviter
1164 2255 1412 2315 secunda
1460 2254 1617 2312 velut
1665 2254 1877 2332 epocha
1929 2273 2068 2311 con-

486 2361 771 2418 troversiae
808 2359 879 2417 de
915 2359 1180 2433 Auxiliis⁷
1233 2380 1362 2437 quae
1412 2359 1485 2416 ad
1533 2358 1680 2417 sedis
1731 2357 2066 2436 Apostolicae

489 2461 777 2536 tribunal.
811 2482 957 2519 anno
998 2481 1222 2520 Mnxciv
1252 2470 1316 2518 ut
1356 2461 1438 2518 ibi
1482 2461 1762 2533 diximus„
1807 2467 2064 2531 evocata,

491 2567 636 2623 inter
678 2566 1074 2623 Dominicanos
1116 2574 1172 2623 et
1202 2564 1487 2623 Societatis
1527 2561 1839 2638 Theologos
1873 2561 2068 2617 Romae

495 2676 678 2745 coepta
700 2677 784 2724 est
805 2669 1020 2744 agitari.
1058 2668 1324 2726 Consistit
1352 2666 1474 2723 haec
1501 2666 1560 2722 in
1584 2683 1648 2722 eo
1672 2663 2065 2735 controversia⁷

495 2779 561 2828 ut
590 2769 900 2847 explicetur
932 2770 1226 2827 concordia
1256 2770 1447 2847 gratiae
1477 2767 1716 2824 efficacis
1746 2786 1874 2823 cum
1903 2765 2071 2822 liber-

495 2885 610 2934 tate
646 2884 857 2945 creata3
898 2875 1011 2931 sive
1050 2893 1163 2951 quo
1201 2882 1364 2951 pacto
1401 2871 1576 2947 gratia
1621 2870 1691 2927 sit
1728 2868 1954 2940 efficax,
1993 2867 2070 2922 ita

495 2990 562 3038 ut
605 2979 922 3036 libertatem
958 2995 1072 3033 non
1113 2975 1302 3032 laedat.
1352 2973 1656 3050 Scripserat
1689 2991 1754 3029 eo
1796 2971 1866 3027 de
1910 2990 2071 3047 argu-

498 3093 689 3142 mento
729 3083 940 3140 librum
985 3081 1049 3138 P.
1093 3079 1411 3136 Ludovicus
1446 3075 1686 3148 Molina‚
1726 3093 1893 3150 quem
1925 3071 2071 3130 Con-

501 3186 768 3244 cordiam
821 3184 1123 3262 inscripsit.
1180 3181 1332 3240 Licet
1372 3180 1533 3239 istius
1581 3177 1713 3235 libri
1761 3193 1991 3233 examen
2039 3192 2070 3228 a
