2147 3489
474 233 748 271 HISTOR1AE
789 230 1110 270 SOCIETATJS
1155 235 1306 272 JESU.
1497 201 1499 203 .
1563 215 1677 273 127

275 391 494 434 Annus
531 382 774 432 Christi
807 383 1012 431 15892
1051 382 1392 432 socletatis
1429 386 1529 433 50.

280 544 419 616 Quae
455 541 782 598 Societatem
817 539 976 597 annis
1013 539 1263 616 proxime
1300 540 1681 615 superioribus
1770 540 1957 614 Sirius-v

117 644 478 701 turbaverant
518 641 810 719 procellae,
855 640 1109 718 quamvis
1166 638 1448 716 pleraeque
1490 659 1681 715 graves
1718 619 1937 711 Ξξῖῗζζὲῧζι

114 754 170 802 et
225 744 579 822 periculosae,
628 752 840 800 metum
889 741 1250 799 nihilominus
1301 760 1365 799 eo
1419 741 1682 799 leviorem
1715 735 1951 851 Jiffssgtmmm

112 847 493 919 incutiebant,
549 845 704 923 quod
761 854 1016 922 paratum
1072 864 1292 921 semper
1346 844 1403 900 in
1453 853 1683 920 paterno

117 947 329 1003 Summi
383 947 666 1004 Pontificis
725 947 847 1003 sinu
901 957 955 1003 et
1005 947 1310 1023 patrocinio
1358 947 1682 1025 *perfugium

110 1046 483 1108 habebamus.
546 1049 621 1105 Ea
677 1048 841 1105 nobis
901 1048 1203 1106 consolatio
1262 1048 1523 1127 adempta
1578 1050 1686 1108 hoc

112 1169 258 1207 anno
308 1150 442 1223 fuit,
495 1171 624 1207 cum
666 1150 994 1208 immutatus
1035 1159 1263 1227 repente
1305 1150 1441 1207 Sixti
1484 1152 1529 1208 V
1572 1152 1685 1208 ani-

110 1271 261 1325 muS,
288 1251 420 1309 inde
442 1251 754 1328 periculum
787 1272 850 1308 ac
874 1261 1084 1309 metum
1119 1253 1325 1309 creavit
1350 1252 1498 1310 unde
1527 1255 1683 1330 prius

109 1352 378 1410 auxilium
417 1372 657 1430 spesque
698 1353 1017 1430 petebatur.
1061 1353 1281 1411 Occulti
1321 1354 1551 1431 quidam
1591 1354 1685 1410 So-

111 1456 320 1513 cietatis
364 1440 816 1532 perturbatores,
867 1455 1042 1511 multa
1085 1454 1156 1511 de
1196 1455 1456 1512 Instituto
1495 1464 1684 1512 nostro

108 1555 183 1612 ad
220 1576 347 1613 eum
389 1556 766 1631 perscribere,
810 1565 864 1611 et
900 1554 1178 1609 criminari
1213 1571 1328 1608 non
1365 1556 1678 1611 cessabant.

107 1657 314 1715 Eorum
373 1656 595 1714 libellos
654 1665 709 1713 et
757 1653 1012 1732 querelas
1069 1652 1226 1708 initio
1283 1656 1618 1731 contempsit
1666 1677 1678 1712 ε

109 1776 272 1830 mox,
312 1775 501 1813 rerum
554 1775 682 1831 quae
726 1754 1102 1810 narrabantur
1145 1754 1414 1829 gravitate
1454 1774 1683 1831 permo-

107 1867 200 1917 tus
255 1856 491 1934 singulae
552 1857 874 1933 diligentius
918 1856 1233 1912 examinare
1291 1857 1505 1913 statuit.
1567 1857 1708 1934 Ipsi

108 1960 396 2038 displicuit
439 1960 724 2017 Societatis
759 1959 896 2016 Jesu
938 1976 1175 2028 nomen,
1223 1966 1345 2014 tum
1386 1959 1526 2014 ratio
1558 1958 1682 2015 red-

109 2061 294 2118 denda
330 2062 679 2129 conscientiae
705 2070 768 2117 ut
802 2060 1005 2117 nostris
1030 2058 1412 2136 praescribitur
1433 2059 1676 2137 legibus,

108 2164 344 2221 varietas
393 2163 706 2240 graduum,
768 2162 960 2220 dilatio
1019 2163 1412 2240 professionis,
1472 2184 1681 2223 correc-

107 2267 274 2324 tionis
317 2266 574 2323 fraternae
616 2265 741 2339 lex,
794 2275 850 2323 et
898 2265 1003 2323 alia
1045 2265 1104 2322 id
1152 2286 1350 2345 genus.
1405 2267 1514 2324 Res
1564 2275 1682 2324 erat

106 2367 275 2445 plena
309 2368 544 2445 periculi
583 2378 637 2426 et
672 2369 917 2441 timoriS,
954 2380 1073 2426 tum
1108 2369 1239 2446 quia
1276 2369 1346 2426 de
1380 2369 1680 2446 praecipuis

108 2469 320 2545 quibus
364 2470 620 2528 universa
673 2479 780 2527 stat
833 2470 1074 2528 Societas
1142 2471 1423 2547 capitibus
1482 2464 1681 2547 ageba·

107 2580 230 2641 tur,
278 2581 401 2628 tum
444 2573 575 2648 quia
618 2581 814 2629 notum
862 2573 1069 2630 SixtiV
1111 2575 1430 2652 ingenium,
1458 2593 1583 2631 acre
1625 2581 1681 2630 et

109 2674 378 2750 propositi
422 2682 606 2730 tenax.
656 2672 974 2750 Aquaviva,
1028 2686 1154 2752 post
1201 2675 1437 2732 indictas
1477 2675 1681 2732 nostris

111 2774 183 2831 ad
239 2775 649 2833 conciliandum
706 2777 932 2835 Numen
996 2796 1187 2854 preces
1252 2786 1308 2835 et
1374 2777 1676 2848 sacrificia,

110 2876 349 2934 rationes
403 2877 623 2954 collegit
672 2879 883 2955 quibus
928 2879 1118 2958 legum
1173 2879 1458 2939 Societatis
1510 2880 1681 2956 aequi-

113 2985 197 3034 tas
253 2977 576 3055 utilitasque
625 2981 1145 3051 demonstrabatur,
1207 2984 1374 3041 simul
1433 2982 1680 3040 deferen-

114 3079 216 3136 das
275 3081 486 3136 curavit
541 3081 611 3137 ad
667 3083 993 3143 Pontificem
1049 3085 1260 3144 litteras
1315 3086 1673 3160 Principum,

113 3180 430 3255 civitatum,
475 3202 539 3239 ac
586 3187 895 3260 praesertim
936 3189 1276 3246 Nuntiorum
1326 3184 1677 3263 Apostolico-
