2147 3489
120 1157 309 1201 Jonesius
355 1164 395 1198 et

95 1223 331 1267 Balduinus.

102 1669 123 1692 *
137 1679 257 1710 anno
275 1667 397 1709 1582.

109 2496 159 2537 P.
189 2493 412 2535 Brilmaker

113 2572 273 2601 veneno
318 2558 410 2600 fab-

112 2631 309 2678 sumptus.

421 205 539 265 192
1088 224 1329 263 EPITOME

419 331 592 389 Maias
609 374 623 403 7
655 327 875 388 felicem
901 327 1141 387 osculari
1169 328 1438 405 laqueum
1461 336 1517 386 et
1544 327 1833 406 implicare
1855 326 1999 386 collo

421 441 697 509 coeperat,
724 453 851 490 cum
885 430 1082 510 populi
1117 430 1341 489 subitus
1371 431 1557 508 erupit
1596 429 1805 487 clamor
1841 430 2002 488 obse-

422 536 625 593 crantis
671 544 734 592 ut
774 536 903 592 vitae
946 533 1296 606 consuleret,
1344 552 1408 590 ac
1442 533 1669 610 Reginae
1717 534 1777 590 in
1827 534 2001 592 rebus

423 638 592 697 sacris
652 637 1029 715 principatum
1089 643 1434 712 agnosceret.
1496 635 1704 692 Vocem
1771 635 2001 712 impiam

422 749 761 812 exsecratus,
789 738 1070 796 facturum
1096 757 1154 796 se
1175 738 1420 815 negavit3
1449 746 1504 796 et
1531 740 1706 796 iratus
1732 738 2000 812 carnifex,

415 844 655 922 jubente
685 844 1043 920 magistratu7
1077 861 1271 899 vocem
1295 862 1359 899 ac
1383 842 1641 920 spiritum
1666 842 2000 901 interclusit.

424 943 617 1004 Annos
648 964 744 1003 sex
779 953 834 1002 et
864 945 1090 1021 triginta
1136 944 1482 1020 confecerat,
1524 964 1838 1023 eorumque
1869 944 2008 1002 duo·

427 1047 609 1105 decim
640 1056 826 1124 egerat
849 1049 906 1104 in
937 1048 1230 1105 Societate.

595 1147 685 1207 Ad
716 1150 972 1207 eamdem
1007 1150 1159 1208 necis
1198 1148 1499 1206 fortunatae
1529 1150 1775 1228 palmam
1801 1169 2011 1227 prope-

427 1253 633 1310 rabant
652 1253 763 1310 PP.
796 1252 1081 1310 Robertus
1103 1252 1138 1308 J
1142 1253 1364 1311 onesius
1388 1297 1402 1326 ⁷
1435 1262 1490 1310 et
1511 1252 1849 1310 Guillelmus
1878 1251 2012 1309 Bal-

431 1356 662 1414 duinus.
724 1355 954 1433 Superis
1017 1355 1176 1413 aliter
1226 1356 1445 1429 visum,
1501 1356 1600 1432 qui
1651 1356 1835 1413 vivere
1887 1354 2014 1413 illos

431 1458 647 1516 diutius
699 1457 1036 1531 voluerunt,
1084 1468 1148 1517 ut
1199 1460 1410 1518 multos
1460 1461 1627 1517 exitio
1677 1461 2017 1538 sempiterno

431 1562 759 1620 liberarent.
841 1561 1104 1619 Jonesius
1180 1564 1239 1618 in
1311 1562 1643 1620 Societatem
1724 1571 2017 1639 cooptatus

433 1667 629 1724 Romae
650 1663 701 1737 *7
729 1664 868 1721 dum
899 1665 1100 1741 repetit
1130 1662 1389 1740 Angliam
1411 1707 1425 1736 a
1453 1662 1777 1720 Londinum
1802 1662 2017 1719 incolu-

433 1769 540 1825 mis
582 1767 784 1844 attigit.
819 1765 1131 1824 Balduinus
1162 1765 1235 1822 ab
1261 1764 1455 1842 Anglis
1490 1765 1861 1843 praedonibus
1892 1783 2019 1842 cap-

432 1881 560 1945 tus,
608 1878 663 1928 et
702 1869 762 1926 in
802 1868 1041 1926 vinculis
1086 1866 1317 1926 habitus
1358 1875 1442 1925 est
1483 1866 1851 1944 aliquandiu⁷
1886 1866 2019 1943 quia

439 1972 876 2050 suspicabantur
898 1991 1019 2030 esse
1042 1970 1398 2028 Sacerdotem
1417 2014 1431 2044 7
1463 1968 1595 2027 licet
1614 1970 1734 2046 ipse
1757 1969 2020 2027 vestitum

436 2085 493 2135 et
521 2095 727 2133 nomen
759 2075 883 2132 Itali
914 2073 1238 2132 mercatoris
1275 2092 1392 2150 prae
1423 2091 1482 2131 se
1511 2071 1700 2129 ferret.
1742 2071 2021 2148 Repertus

438 2178 671 2236 demum
713 2187 799 2237 est
835 2179 934 2255 qui
968 2178 1165 2235 Romae
1209 2174 1372 2232 illum
1417 2195 1449 2231 a
1488 2192 1547 2232 56
1581 2174 1764 2231 visum
1798 2175 2021 2249 juratus

440 2283 739 2341 affirmavit
775 2304 787 2338 :
822 2300 936 2359 quo
966 2278 1287 2338 testimonio
1317 2296 1433 2334 non
1464 2277 1583 2335 sine
1610 2275 1827 2352 aliquot
1849 2293 2020 2331 num-

442 2387 548 2445 mis
577 2394 806 2465 accepto
827 2430 841 2459 a
874 2385 1091 2444 levatus
1122 2382 1389 2456 vinculis7
1417 2392 1472 2440 et
1494 2381 1760 2439 dimissus
1790 2388 1895 2437 est.

609 2491 774 2549 Visus
796 2497 914 2547 erat
934 2488 1000 2545 P.
1029 2485 1268 2545 Michael
1289 2482 1599 2543 Brilmaker
1620 2484 1678 2539 in
1701 2479 2021 2552 Germania,

443 2583 690 2651 rediisse
712 2593 771 2649 in
799 2591 1034 2668 gratiam
1071 2610 1201 2647 cum
1239 2588 1542 2659 haereticis,
1575 2602 1718 2662 quos
1747 2582 2026 2658 exagitare

445 2715 559 2752 non
607 2695 883 2752 cessabat.
931 2693 1091 2770 Saepe
1132 2691 1359 2748 illorum
1393 2688 1594 2766 gladiis
1623 2684 1841 2762 palam,
1877 2701 2027 2759 saepe

444 2796 662 2855 insidiis
707 2796 849 2853 clam
903 2795 1217 2872 appetitus3
1265 2791 1495 2848 demum
1552 2787 1625 2844 ad
1677 2787 1870 2844 cibum
1913 2803 2028 2841 una

449 2897 815 2969 sumendam,
870 2906 1161 2973 tamquam
1205 2893 1278 2951 ad
1324 2890 1681 2951 sanciendam
1724 2908 1921 2966 pacem
1971 2895 2028 2943 et

449 3002 830 3074 concordiam7
855 3001 1141 3057 invitatur.
1170 2997 1280 3054 Sed
1302 2994 1549 3052 hostium
1573 2993 1744 3064 dona,
1769 3000 1834 3047 ut
1856 2987 2025 3046 veteri

449 3108 752 3188 proverbio
805 3105 1032 3177 dicitur7
1078 3101 1249 3179 vulgo
1302 3117 1421 3156 esse
1469 3094 1729 3166 hostilia7
1770 3098 2026 3170 porrecto

451 3212 597 3268 inter
665 3209 863 3289 epulas
931 3226 1145 3266 veneno
1166 3250 1180 3279 a
1252 3202 1544 3262 intellexit.
1618 3198 1891 3256 Haustam
1960 3212 2028 3249 ex
