2147 3489
136 1294 321 1335 Platense

93 1359 321 1414 Collegium

95 1429 172 1464 etc.

157 2515 336 2557 Canariae

91 2581 239 2623 Insulae
322 2594 393 2624 ex-

93 2646 181 2687 colu
189 2652 298 2688 ntur.

445 232 473 290 1
484 231 563 290 74
1104 256 1345 298 EPITOME

440 376 656 429 curam,
691 348 1135 432 Prorex'vetuit7
1169 370 1225 417 et
1248 380 1473 419 causam
1504 363 1814 441 ad-Regem
1845 365 2014 422 detu-

438 457 521 514 lit.
556 460 804 537 Rogatus
834 481 865 518 a
893 457 1200 540 Praeposito
1231 463 1517 523 Societatis
1547 463 2014 544 Archiepiscopus

438 569 502 618 ut
530 563 822 639 pristinam
854 564 1025 622 Sociis
1049 565 1497 624 benevolentiam
1526 567 1854 639 redonaret3
1889 586 2015 624 mo-

437 666 589 724 nitus
612 668 776 724 etiam
809 688 840 724 a
864 668 1137 726 Pontifice
1161 677 1225 725 ut
1256 689 1482 727 causam
1511 669 1656 727 hanc
1685 670 1919 727 ulterius
1947 688 2018 725 ne

435 779 691 846 urgeret7
726 770 1167 847 obtemperavit7
1203 791 1267 828 ac
1296 771 1487 830 Patres
1510 794 1621 849 qua
1654 773 1870 831 solebat
1892 771 2017 828 cha-

433 871 597 928 ritate
639 871 964 948 complexus
1000 881 1104 930 est.
1155 872 1342 930 Sancti
1379 873 1540 932 facile
1573 874 1878 952 placabiles
1907 875 2016 930 iras

432 982 670 1047 gerunt,
717 993 902 1050 neque
945 984 1281 1033 cunctantur
1323 975 1540 1053 aliquid
1583 977 1654 1034 de
1704 996 1805 1035 suo
1849 977 2013 1033 etiam

425 1076 554 1150 jure
599 1075 905 1134 concedere
942 1076 1014 1134 ad
1058 1098 1256 1156 pacem
1286 1080 1377 1138 vel
1413 1082 1885 1155 conservandam7
1927 1080 2016 1138 vel

432 1177 845 1235 resarciendam
858 1223 869 1235 .

599 1279 896 1339 Difficilius
929 1267 1237 1360 composita
1265 1283 1375 1342 fuit
1396 1285 1676 1344 discordia
1705 1307 1806 1364 per
1836 1306 2017 1344 coeno-

431 1378 579 1438 bitas
628 1382 907 1458 quosdam
960 1383 1230 1444 adversus
1282 1386 1613 1446 Societatem
1664 1389 1899 1445 excitata
1957 1389 2015 1444 in

431 1483 576 1541 urbe
613 1483 1002 1562 Chuquisaca‚
1046 1508 1176 1564 quae
1218 1489 1456 1548 limitem
1502 1489 1776 1549 Australis
1820 1491 2016 1548 Peruae

429 1586 689 1663 attingit7
735 1607 850 1643 non
892 1588 1094 1664 procul
1134 1609 1166 1645 a
1198 1590 1475 1649 Potosinis
1520 1593 1735 1670 argenti
1769 1592 2007 1665 fodinis,

427 1689 582 1747 unde
635 1689 803 1746 etiam
853 1691 1184 1748 nominatur
1243 1690 1644 1771 Argyropolis,
1702 1695 1817 1751 sive
1875 1693 2014 1751 urbs

427 1801 720 1870 argenteat,
763 1801 818 1850 et
865 1791 1050 1866 Plataa
1098 1814 1226 1871 quae
1266 1814 1374 1852 vox
1405 1795 1560 1873 apud
1600 1795 1880 1873 Hispanos
1921 1815 2016 1852 ar-

427 1903 660 1970 gentum
695 1905 875 1953 sonat.
914 1896 1076 1954 Cives
1098 1897 1377 1974 parabant
1412 1899 1694 1976 magistris
1725 1899 2014 1957 Societatis

428 1997 638 2056 liberos
662 2017 793 2056 suos
824 1998 883 2054 in
907 1998 1264 2076 disciplinam
1290 1999 1532 2058 tradere.
1567 2001 1859 2059 Obluctati
1882 1996 2015 2061 sunt

427 2100 584 2158 miris
614 2101 797 2159 modis
833 2100 1078 2178 religiosi
1120 2102 1355 2179 quidam
1405 2104 1543 2176 viri,
1588 2113 1901 2164 metuentes
1941 2126 2013 2164 ne

428 2201 568 2280 quid
603 2201 675 2259 de
714 2203 829 2260 suis
868 2203 1180 2261 commodis
1210 2215 1265 2262 et
1293 2206 1701 2263 existimatione
1731 2205 2013 2283 deperde—

426 2313 572 2361 rent.
602 2304 746 2361 Vicit
768 2304 1036 2362 invidiam
1059 2308 1328 2384 patientia
1350 2308 1640 2366 Sociorum
1658 2353 1672 2382 7
1701 2316 1757 2365 et
1780 2307 2013 2385 collegio

426 2406 649 2463 initium
681 2405 1024 2465 estfactum.
1606 2415 1610 2419 ’

593 2508 1042 2568 Proficiscentem
1074 2511 1134 2567 im
1156 2510 1489 2571 Fortunatas
1517 2511 1729 2571 insulas
1758 2512 2008 2589 ipsarum

427 2610 766 2690 Episcopum
784 2659 799 2687 7
833 2624 1078 2692 quatuor
1108 2635 1139 2673 e
1161 2617 1365 2676 nostris
1390 2617 1637 2674 comitati
1658 2627 1790 2675 sunt
1818 2637 2007 2675 mense

428 2713 627 2792 Aprili.
678 2718 810 2775 Post
852 2717 1000 2776 diem
1033 2720 1337 2797 septimum
1380 2740 1551 2797 quam
1589 2717 1806 2796 Hispali
1836 2718 2011 2777 solve-

426 2825 584 2889 rant,
630 2837 832 2875 venere
874 2819 933 2875 in
976 2819 1179 2878 urbem
1225 2822 1545 2879 Palmarum
1589 2841 1718 2899 quae
1759 2833 1844 2880 est
1885 2823 2007 2900 pri-

429 2920 601 2977 maria
637 2920 837 2979 insulae
874 2921 1155 2996 Canariaea
1204 2924 1638 2982 Fortunatarum
1672 2925 2003 3002 praecipuae,

429 3025 589 3100 cujus
632 3024 797 3080 etiam
828 3043 1033 3081 nomen
1081 3027 1275 3083 ceteris
1324 3025 1494 3104 vulgo
1535 3026 1827 3083 tribuitur.
1876 3025 2007 3083 Ple-

428 3144 621 3201 raeque
659 3135 791 3184 sunt
827 3125 1071 3201 steriles„
1112 3127 1438 3203 inamoenae‚
1472 3149 1537 3186 ac
1576 3149 1778 3207 parum
1821 3129 2005 3205 dignae

429 3230 679 3304 specioso
722 3230 1156 3290 Fortunatarum
1197 3233 1446 3290 nomine.
1496 3231 1781 3290 Sterilitati
1831 3230 2005 3287 hono-
