2147 3489
143 2177 228 2219 Rex
256 2175 400 2230 Bungi‘

87 2244 137 2286 ad
157 2243 297 2285 Fidem
325 2256 389 2285 re-

89 2310 273 2353 vertitur.

429 203 547 262 1524
1086 224 1329 263 EPITOME

424 345 457 383 e
491 325 778 384 Societatis
806 324 1100 403 Patribus7
1137 339 1201 387 ut
1228 330 1443 406 aiebat,
1477 331 1746 410 cognitas,
1781 330 1995 392 Gratias

423 428 627 505 agebat
662 450 764 508 pro
808 431 1022 490 collatis
1063 433 1121 489 in
1157 453 1252 492 eos
1286 445 1341 492 et
1380 435 1626 513 reliquos
1668 435 1993 507 LusitanOS.,

421 541 593 608 atque
628 533 768 595 adeo
802 534 861 590 in
905 534 1248 595 Christianos
1291 558 1483 597 omnes
1513 539 1800 597 beneficiis
1821 584 1836 611 7
1867 539 2001 615 qui-

422 632 534 691 hus
564 643 629 691 ut
666 633 851 693 favere
888 648 1178 714 pergeret7
1219 641 1380 698 enixe
1420 641 1674 718 rogabat.
1708 641 1996 698 Postremo

421 738 761 794 enumeratis
791 758 919 814 quae
943 739 1216 797 offerebat
1245 743 1352 819 ipsi
1385 745 1746 816 muneribusq
1786 745 1844 800 in
1873 752 2000 800 vota

420 856 524 913 pro
574 838 825 914 ejusdem
871 840 1257 901 incolumitate
1314 845 1629 903 desinebat.
1688 846 2002 923 Respondit

421 937 667 1015 benigne
698 939 1026 1018 Imperator.
1063 945 1145 1002 De
1174 945 1453 1005 Lusitanis
1483 957 1538 1005 et
1565 948 1674 1004 PP.
1711 947 2000 1004 Societatis

420 1041 661 1118 subjecit
716 1063 926 1120 pauca,
973 1045 1044 1104 de
1086 1047 1355 1124 religione
1403 1060 1458 1106 et
1507 1049 1833 1107 Christianis
1885 1067 2003 1105 om-

420 1143 554 1199 nino
607 1144 782 1202 siluit.
847 1146 978 1202 Mox
1027 1149 1178 1204 varia
1230 1150 1468 1225 proferri
1515 1153 1682 1226 jussit
1732 1171 1998 1222 munera,

420 1265 666 1323 quorum
710 1258 927 1324 partem
966 1249 1257 1307 ferendam
1300 1251 1526 1327 Proregi
1550 1296 1564 1324 a
1603 1260 1820 1328 partem
1860 1252 2004 1308 Vali-

420 1366 607 1423 gnano
667 1357 722 1405 et
779 1349 1061 1409 Lusitanis
1128 1352 1453 1409 habendam
1520 1353 1713 1427 dedit,
1774 1364 2003 1411 cunctos

421 1448 653 1506 demum
716 1451 899 1528 epulis
962 1454 1193 1530 opipare
1249 1455 1534 1529 instruct-is
1584 1457 1817 1533 accepit.
1881 1454 2003 1512 Sub

420 1552 619 1629 epulas
669 1553 941 1630 Japonios
973 1559 1211 1632 juvenes
1251 1557 1528 1635 legatione
1569 1560 1642 1616 ad
1683 1560 2001 1617 Romanum

420 1652 752 1711 Pontificem
810 1656 946 1733 ipsis
1008 1658 1270 1736 imposita
1337 1661 1570 1719 feliciter
1627 1662 1881 1736 functos7
1946 1664 2006 1719 in

423 1774 586 1814 suam
634 1756 906 1816 familiam
958 1760 1236 1820 invitavit.
1304 1763 1390 1819 Illi
1451 1764 1739 1822 meliorem
1801 1764 2006 1842 eligere

423 1855 718 1915 dominum
740 1904 754 1932 7
794 1870 850 1918 et
881 1862 940 1918 in
983 1860 1253 1921 familiam
1290 1866 1496 1924 Christi
1539 1888 1604 1925 ac
1639 1867 2002 1941 Societatem,

422 1959 483 2016 id
515 1961 672 2038 quod
708 1962 902 2019 Romae
935 1964 1328 2041 flagitaverant
1369 1969 1443 2026 ab
1485 1968 1804 2046 Aquaviva,
1845 1988 2008 2046 coop-

424 2062 526 2119 tati
557 2073 690 2121 sunt
718 2085 749 2121 a
784 2065 851 2123 P.
891 2065 1224 2144 ‘Valignanm

590 2168 750 2226 Unus
786 2188 853 2225 ex
889 2169 954 2227 iis
979 2169 1234 2228 Mancius
1269 2170 1388 2229 Itus
1425 2171 1696 2249 patruelis
1727 2180 1844 2230 erat
1865 2172 2007 2229 Con-

424 2270 676 2343 stantini,
704 2271 872 2348 Regis
896 2271 1077 2350 Bungi
1095 2317 1110 2345 .,
1139 2276 1300 2350 cujus
1324 2283 1540 2352 patrem
1571 2271 1815 2333 Ecclesia
1842 2274 2011 2352 Japo-

424 2373 552 2431 nica
586 2374 732 2431 inter
774 2393 904 2432 suos
947 2374 1145 2433 heroas
1187 2376 1321 2434 olim
1367 2386 1781 2437 numeraverat.
1835 2377 2008 2435 Filius

425 2476 670 2554 degener
718 2477 954 2553 gratiam
1008 2478 1369 2556 Imperatoris
1420 2480 1566 2538 male
1617 2490 1846 2558 captans
1896 2500 2010 2536 non

426 2579 596 2636 modo
638 2580 832 2637 Fidem
877 2582 935 2637 in
979 2582 1266 2659 Baptismo
1307 2592 1622 2659 susceptam
1668 2585 2006 2657 ejuraverat7

426 2672 622 2739 verum
664 2694 719 2740 et
775 2684 1020 2743 cultores
1069 2689 1190 2762 ejus
1241 2685 1625 2742 crudelissime
1677 2683 2000 2742 divexabat.

431 2784 600 2841 Hunc
623 2795 686 2841 ut
710 2787 925 2862 aspexit
954 2787 1241 2860 Mancius7
1275 2787 1571 2864 perfidiam
1602 2782 1777 2863 impio
1805 2796 1860 2842 et
1891 2807 2012 2843 cru-

431 2885 716 2944 delitatem
748 2889 1110 2964 exprobravit
1148 2911 1158 2945 ε
1206 2910 1271 2946 ac
1306 2889 1482 2945 libera
1522 2889 1770 2945 oratione
1801 2889 2012 2945 victum

432 2990 673 3048 adduxit
713 2990 785 3047 ad
829 2992 1237 3069 Valignanum,
1292 3012 1323 3047 a
1372 3010 1518 3067 quo7
1565 3001 1693 3068 post
1728 2990 1859 3047 data
1900 3009 2013 3046 non

432 3092 575 3152 levia
605 3096 947 3173 poenitentiae
979 3097 1349 3166 documenta,
1384 3094 1606 3171 piorum
1632 3094 1831 3167 coetui,
1865 3111 2013 3152 sum-

435 3215 527 3254 ma
557 3198 810 3257 omnium
840 3197 1213 3276 gratulatione
1243 3198 1536 3256 restitutus
1566 3206 1669 3256 est.
