2147 3489
454 270 724 307 H1STOR1AE
766 267 1083 306 socissTArrs
1125 269 1275 307 JESU.
1526 247 1645 306 277

90 378 309 453 niisque
340 374 724 452 compluribus
754 382 1093 431 sacramenta
1114 371 1465 429 ministravit.
1493 369 1650 429 Idem

92 478 338 534 Saratam
369 498 435 534 ex
463 476 656 532 itinere
697 475 984 546 lustravit,
1026 475 1227 532 urbem
1271 474 1487 550 imperii
1523 473 1649 530 Mo-

88 577 252 655 golici
283 578 668 650 clarissimam,
702 586 755 634 et
778 578 1089 654 emporium
1123 577 1568 634 celeberrimum.

1740 380 1785 421 ln
1805 381 1981 434 Imperio

1686 445 1856 500 Mogolis
1869 477 1880 498 ,

253 680 529 737 Admonet
555 699 644 735 me
668 680 864 755 injecta
887 679 1092 735 mentio
1115 678 1331 755 imperii
1355 677 1645 753 Mogolici,
1686 671 1834 712 ethnici
1872 677 1912 712 et

1694 736 1964 776 Mahometani

88 789 152 837 ut
180 781 406 837 Patrum
436 780 656 837 labores
688 781 744 835 in
776 780 917 836 urbe
946 781 1160 857 imperii
1195 779 1476 856 praecipua
1515 777 1650 834 bre-
1689 800 1873 842 Pau-ibus
1903 801 1987 840 exi-

87 883 224 939 viter
273 882 560 958 attingam.
605 882 1050 939 Concertationes
1087 881 1196 939 illis
1239 880 1476 939 assiduae
1521 900 1648 937 cum

85 981 319 1039 ethnicis
362 991 417 1038 et
453 982 886 1054 Mahometanis,
927 983 1023 1058 qui
1062 1003 1187 1038 cum
1231 1000 1344 1038 non
1381 981 1651 1038 auderent

83 1081 293 1139 ferrum
329 1084 597 1160 stringere
627 1084 683 1138 in
719 1083 970 1140 homiues
1001 1083 1327 1160 Imperatori
1356 1102 1646 1161 percarOS,

80 1182 279 1240 iisdem
331 1185 558 1240 exitium
604 1203 816 1240 veneno
867 1184 1045 1246 moliti
1097 1194 1262 1257 sunt,
1308 1185 1407 1243 sed
1456 1184 1644 1258 leutO,

83 1283 238 1358 quod
279 1284 462 1341 minus
503 1283 737 1340 haberet
773 1284 1018 1342 invidiae.
1067 1285 1197 1341 Erat
1237 1307 1300 1343 ea
1341 1286 1442 1343 dos
1479 1285 1648 1362 hujus

80 1386 280 1458 toxici,
307 1395 369 1442 ut
393 1406 652 1443 somnum
678 1386 1024 1460 conciliaret,
1054 1387 1152 1445 sed
1182 1386 1644 1465 insuperabilem,

82 1487 400 1563 sensimque
428 1489 485 1543 in
521 1507 821 1564 perennem
854 1507 1111 1545 somnum
1154 1499 1208 1545 et
1242 1499 1462 1545 noctem
1493 1498 1649 1544 aeter-

79 1605 210 1642 nam
248 1587 541 1644 desineret.
580 1589 655 1643 Eo
700 1589 838 1644 dum
881 1591 1158 1646 constricti
1188 1594 1377 1667 jacent
1419 1591 1643 1663 Patres,

79 1685 282 1744 domus
312 1707 504 1744 eorum
535 1687 751 1764 direpta
774 1699 857 1745 est
879 1709 977 1764 per
1001 1692 1282 1749 tenebras.
1314 1692 1457 1748 Cum
1480 1710 1644 1748 nemo

80 1805 139 1844 se
169 1786 320 1843 domi
351 1798 722 1845 commoveret
752 1788 930 1845 multo
960 1793 1078 1866 jam
1112 1785 1231 1864 die,
1270 1811 1454 1867 neque
1483 1800 1645 1868 pate-

78 1896 203 1944 rent
245 1887 388 1946 fores
430 1908 531 1965 pro
569 1909 756 1962 more,
798 1890 1053 1947 suboluit
1090 1891 1241 1949 fraus
1284 1893 1496 1949 vicinis.
1532 1891 1646 1949 Ac-

80 1998 342 2062 currunt,
378 1992 584 2067 sopitos
615 2011 678 2047 ac
716 2000 922 2048 temere
955 1995 1202 2068 jacentes
1238 1993 1397 2049 humi
1426 1993 1641 2050 vident.

78 2090 267 2147 Curati
299 2093 628 2168 opportunis
649 2094 938 2166 remediis,
966 2103 1020 2151 et
1043 2115 1074 2150 a
1098 2094 1252 2151 brevi
1286 2103 1463 2151 morte
1491 2113 1644 2151 revo-

79 2192 184 2247 cati
223 2202 372 2248 sunt.
422 2194 559 2249 Rem
603 2194 986 2270 indignissime
1030 2193 1160 2249 tulit
1200 2195 1537 2271 Imperator,
1579 2214 1643 2251 ac

78 2294 352 2351 veneficos
395 2295 801 2371 praedonesque
841 2297 1010 2371 jussit
1058 2298 1287 2374 inquiri.
1336 2297 1639 2354 Sceleratos

75 2392 207 2468 fuga
249 2405 576 2451 servaverat.
618 2396 692 2451 Ut
728 2416 857 2452 vero
901 2397 1183 2457 Societatis
1226 2399 1484 2456 hostibus
1515 2418 1639 2455 mo-

74 2494 288 2552 lestiam
321 2495 643 2569 exhiberet,
678 2497 921 2553 edictum
955 2518 1053 2555 sua
1087 2499 1445 2574 obsignatum
1470 2519 1640 2555 manu

75 2595 336 2653 Patribus
379 2596 564 2669 dedit,
611 2616 724 2674 quo
759 2597 898 2654 velle
942 2618 1000 2655 se
1042 2619 1105 2656 ac
1140 2599 1343 2676 jubere
1384 2619 1641 2676 pronun-

75 2697 252 2753 tiabat
287 2707 350 2753 ut
381 2697 747 2755 Christianam
788 2699 1047 2775 amplecti
1081 2700 1257 2776 legem
1296 2700 1526 2758 cuilibet
1547 2705 1642 2776 jus

76 2797 273 2873 fasque
321 2808 483 2856 esset.
538 2799 658 2856 Hoc
708 2799 1010 2876 diplomate
1060 2801 1429 2859 calamitatem
1480 2822 1638 2860 suam

74 2898 266 2956 Patres
312 2899 539 2957 abunde
591 2911 722 2959 sunt
769 2904 1066 2977 consolati,
1126 2925 1239 2982 quo
1298 2906 1526 2962 urbium
1576 2925 1640 2962 ac

76 3000 489 3077 provinciarum
530 3003 850 3078 praefectos,
900 3007 944 3063 si
987 3007 1124 3083 quid
1168 3009 1224 3063 in
1267 3008 1470 3064 Christi
1515 3006 1641 3063 cul-

78 3109 223 3158 tores
267 3101 618 3177 molirentur,
667 3109 982 3164 coercerent
1013 3130 1024 3164 :
1072 3119 1127 3165 et
1162 3108 1226 3164 P.
1262 3108 1637 3185 Hieronymus

78 3201 348 3260 Xaverius
378 3203 632 3262 ultimam
672 3205 819 3264 libro
861 3228 1089 3265 manum
1127 3208 1427 3286 imposuit,
1468 3227 1638 3285 quem

1688 864 1788 905 tium
1808 865 1984 905 moliun-

1688 935 1767 969 tur.
