2147 3489
493 235 766 272 msromffi
807 235 1126 274 socm‘rA‘ms
1169 239 1313 277 Jsssu.
1576 221 1688 280 181

127 339 213 396 Ibi
262 340 400 396 dum
450 337 878 414 colloquuntur,
929 339 1068 396 vidit
1117 341 1447 416 Gerardius,
1500 354 1566 401 ut
1610 354 1693 402 est

124 441 406 517 ingeniosa
469 438 779 510 calamitas,
841 438 1026 497 locum
1086 461 1204 499 esse
1263 442 1431 520 fugae.
1489 445 1692 503 Scribit

124 540 196 597 ad
252 543 456 598 amicos
504 548 559 596 et
621 540 694 596 ab
759 541 824 597 iis
880 551 1049 598 noctu
1107 543 1403 601 rudentem
1456 548 1686 623 accipit,

127 645 286 719 cujus
314 660 441 718 pars
480 643 588 698 ima
632 652 829 699 trunco
860 643 1074 702 arboris
1110 644 1164 699 in
1208 644 1370 702 fossae
1409 649 1686 723 margine,

120 764 250 821 pars
303 763 520 801 summa
565 765 725 802 muro
785 747 1052 803 custodiae
1105 747 1326 823 alligata
1384 759 1520 805 erat.
1586 750 1693 805 Per

118 844 270 901 hunc
312 845 638 918 rudentem,
686 867 750 903 ae
792 848 1064 924 pensilem
1113 849 1266 906 velut
1307 859 1570 927 pontem,
1616 850 1689 906 li-

117 945 286 1002 brant
336 966 483 1020 sese,
540 947 825 1020 Ardenus,
877 969 940 1005 ae
986 950 1286 1008 Gerardius
1332 962 1388 1008 et
1432 961 1691 1029 superata

118 1047 266 1107 fossa
304 1049 517 1128 delapsi
559 1051 631 1107 ad
663 1061 895 1123 terram,
935 1071 1064 1108 mox
1094 1053 1252 1129 equis
1284 1054 1488 1130 paratis
1517 1055 1694 1130 impo-

119 1151 231 1223 siti,
264 1152 463 1228 procul
494 1152 819 1229 diffugiunt.
848 1154 1124 1211 Reversus
1147 1165 1338 1231 postea
1369 1155 1689 1212 Londinum

119 1251 420 1309 Gerardius
450 1273 589 1329 quas
618 1254 912 1330 pertulerit
940 1276 1248 1330 aerumnas,
1284 1278 1412 1334 quae
1441 1257 1690 1335 pericula

117 1353 354 1411 subierit
384 1355 599 1412 dicetur
627 1356 684 1411 in
711 1355 855 1414 loco,

281 1457 408 1513 Non
435 1457 630 1514 eadem
662 1457 922 1515 facilitate
952 1479 1144 1516 necem
1169 1460 1276 1518 sibi
1312 1461 1384 1517 ab
1415 1458 1688 1518 haereticis

114 1568 366 1636 paratam
409 1559 606 1635 effugit
649 1559 713 1616 P.
760 1560 1004 1619 ‚loannes
1057 1561 1333 1634 Lelesius,
1398 1562 1615 1638 primus
1657 1583 1687 1619 e

114 1661 319 1718 nostris
358 1661 641 1737 ingressus
679 1662 1199 1741 Transsylvaniam,
1245 1674 1300 1722 et
1339 1674 1518 1722 rector
1561 1685 1686 1722 mo-

115 1781 274 1834 rum,
307 1771 477 1840 atque
521 1765 781 1840 magister
819 1785 995 1841 puero
1036 1766 1278 1843 Principi
1328 1767 1687 1843 Sigismundo

117 1863 309 1936 datus,
345 1866 415 1922 ad
446 1870 604 1943 cujus
632 1887 795 1925 aures
825 1889 895 1926 ne
925 1889 1037 1945 qua
1073 1870 1397 1946 perniciosae
1429 1870 1692 1928 novitatis

116 1971 383 2046 aspiraret
425 1990 590 2043 aura,
645 1970 875 2028 domum
928 1972 1135 2047 regiam
1178 1972 1404 2028 venenis
1451 1969 1690 2029 Ariano-

113 2092 274 2144 rum,
309 2072 521 2130 Calvini
564 2083 619 2130 et
656 2073 914 2146 Lutheri,
950 2073 1435 2150 Transsylvaniam
1466 2092 1689 2129 omnem

114 2173 578 2249 inquinantibus,
650 2195 959 2252 expurgare
1030 2175 1326 2253 diligenter
1388 2175 1686 2247 studebat,

117 2293 245 2331 cum
293 2276 343 2332 ei
382 2277 488 2353 ipsi
528 2277 773 2334 toxicum
817 2279 874 2334 in
918 2277 1140 2335 funesto
1183 2277 1388 2355 poculo
1429 2278 1712 2354 propina--

115 2385 237 2432 tum
291 2386 393 2434 est.
446 2378 750 2435 Paululum
793 2398 1043 2456 repressa
1093 2381 1174 2438 vis
1219 2379 1351 2435 mali
1395 2379 1685 2435 molestam

113 2478 173 2533 in
215 2478 517 2555 paralysim
577 2479 868 2550 desinivit,
923 2500 1034 2555 qua
1092 2482 1424 2537 constrictus
1483 2480 1686 2556 profli-

116 2588 303 2656 gatam
369 2579 750 2637 valetudinem
804 2581 1132 2658 aliquandiu
1195 2584 1559 2655 sustentavit,
1623 2603 1689 2640 ac

116 2689 363 2738 teneram
393 2682 736 2759 Sigismundi
773 2692 992 2740 aetatem
1031 2704 1220 2761 regere
1249 2704 1430 2761 usque
1460 2703 1524 2742 eo
1554 2704 1687 2761 per-

116 2784 292 2853 rexit,
325 2783 472 2840 *dum
516 2805 546 2841 e
589 2785 1015 2862 Transsylvania
1066 2807 1195 2844 cum
1237 2786 1468 2863 reliquis
1516 2785 1688 2842 Sociis

116 2884 317 2962 pulsus
356 2885 659 2942 Lauretum
702 2906 760 2944 se
802 2889 1043 2964 recepit,
1090 2888 1191 2944 ubi
1233 2887 1386 2944 velut
1428 2887 1485 2942 in
1529 2905 1687 2942 corn-

118 2987 288 3065 plexu
338 2987 539 3043 divinae
596 2988 786 3046 Matris
831 2979 1087 3067 spiritum
1131 2990 1394 3047 ultimum
1445 2986 1681 3057 effudit,

121 3088 211 3144 die
254 3107 399 3144 xxvr
449 3088 737 3145 Februarii
779 3110 924 3148 anno
968 3094 1188 3151 Domini
1240 3109 1471 3162 Mnxcv,
1508 3089 1687 3146 aetatis

118 3188 544 3266 quadragesimo
578 3192 832 3267 septimO.

1725 871 1910 914 elabitur.

1781 1475 1827 1514 P.
1843 1473 2020 1520 Lelesius

1725 1537 1774 1579 ab
1828 1538 2026 1580 haereticis

1725 1614 1880 1642 veneno
1904 1601 2030 1644 inter-

1725 1674 1898 1720 emptuS.
