2282 3489
505 191 775 228 ms'romAE
817 191 1132 230 somETATis
1176 196 1303 233 Jesu
1315 220 1326 231 .
1616 175 1693 232 21

151 289 269 348 lant
284 292 326 369 7)
388 300 566 349 totum
625 291 776 349 hunc
829 302 1066 350 tractum
1091 338 1105 366 7
1164 298 1361 355 veteris
1410 297 1698 355 Dalmatiae

149 401 360 468 partem
403 395 730 469 peragravit.
773 393 928 451 Idem
966 414 1106 471 opus
1136 395 1274 452 Socii
1307 400 1699 475 consequenti-

148 490 257 547 bus
293 494 449 550 annis
487 495 794 570 prosecuti,
833 514 1033 571 magno
1064 495 1449 572 indigenarum
1480 499 1699 557 emolu-

149 588 335 649 mento
355 638 369 666 7
401 614 500 671 per
528 596 859 652 maritimam
890 596 1132 674 Illyridis
1156 597 1407 675 plagam7
1441 603 1700 676 usquein

148 695 550 770 Macedoniam,
577 707 632 754 et
653 707 949 775 utramque
972 698 1205 776 Mysiam
1229 701 1517 776 exspatiati
1542 710 1693 758 sunt.

308 797 550 874 Longius
601 818 931 876 procursum
981 800 1086 857 fuit
1133 802 1190 857 in
1237 802 1514 875 Silesiam,
1571 824 1698 880 quae

145 895 357 954 ultimae
399 901 708 957 Germaniae
737 902 917 977 portio
959 903 1101 959 inter
1140 904 1494 978 Bohemiam‚
1543 909 1702 983 cujus

142 1001 423 1075 appendix
460 1001 718 1077 quaedam
754 1012 866 1075 est⁷
900 1012 954 1059 et
986 1004 1272 1061 Poloniam
1309 1006 1481 1064 sedet.
1520 1007 1701 1084 Caput

144 1098 350 1157 Silesiae
381 1102 735 1174 Vratislavia,
773 1124 941 1180 quam
978 1105 1051 1162 ab
1083 1107 1240 1164 annis
1270 1106 1442 1165 ferme
1465 1108 1701 1184 quadra-

143 1202 293 1276 ginta
324 1203 702 1261 Lutheranum
735 1207 885 1264 virus
926 1208 1189 1266 infecerat
1227 1233 1237 1266 z
1271 1220 1325 1267 et
1348 1230 1460 1267 non
1491 1230 1699 1288 paucos

139 1304 285 1361 cives
315 1306 596 1363 afflaverat
627 1309 796 1384 pestis
829 1309 1166 1369 Calviniana.
1208 1313 1351 1368 Hinc
1380 1312 1697 1370 domesticae

139 1403 292 1477 lites,
327 1416 381 1462 et
409 1407 733 1483 quotidiana
765 1409 908 1465 inter
936 1411 1140 1485 gemini
1171 1412 1369 1468 erroris
1393 1413 1698 1488 discipulos

139 1507 544 1584 magistrosque
580 1508 750 1565 bella.
792 1509 1004 1566 Praesul
1048 1511 1265 1588 egregie
1311 1512 1437 1588 pius
1471 1513 1700 1571 lacerari

139 1627 362 1685 gregem
389 1608 592 1666 Christi
623 1609 851 1684 docem,
878 1611 1162 1671 Societatis
1195 1614 1464 1671 auxilium
1488 1619 1699 1693 expeti-

139 1712 218 1767 vit
235 1756 248 1783 ‚
275 1732 450 1788 eaque
473 1712 700 1770 fuerunt
732 1713 1171 1772 Vratislaviensis
1201 1715 1430 1792 Collegii
1454 1718 1696 1793 primor-

139 1813 251 1869 dia.
305 1813 512 1870 Praeter
561 1813 1007 1890 quamplurimos
1058 1817 1374 1889 erroribus⁷
1437 1817 1698 1894 vitiisque

138 1912 437 1986 liberatos⁷
497 1915 840 1973 Christianus
883 1914 1226 1974 Frankenius
1258 1918 1541 1975 Societatis
1590 1920 1700 1995 pri-

139 2035 325 2087 mum,
360 2016 563 2072 deinde
597 2018 761 2072 etiam
791 2016 1072 2093 religionis
1109 2017 1378 2091 desertor,
1413 2019 1482 2075 ad
1518 2019 1700 2079 Eccle-

140 2119 311 2190 siam,
356 2137 522 2194 opera
562 2117 822 2190 Patrum,
865 2137 922 2175 se
970 2119 1194 2192 retulit,
1232 2130 1287 2177 et
1327 2140 1454 2197 quae
1485 2120 1699 2178 dixerat

138 2221 577 2297 scripseratque,
616 2230 804 2276 contra
839 2220 1196 2295 Societatem,
1229 2223 1550 2280 recantavit.
1588 2223 1697 2295 Qui

139 2320 269 2378 licet
290 2342 320 2377 a
344 2320 625 2378 Catholica
653 2321 788 2378 Fide
809 2341 923 2378 non
948 2323 1120 2380 semel
1149 2333 1340 2401 postea
1371 2323 1692 2399 desciverit,

139 2423 468 2500 probrosam
520 2433 700 2480 tamen
746 2424 1180 2501 sacrilegamque
1228 2425 1508 2482 levitatem
1552 2444 1698 2482 anno

140 2525 496 2581 Mnxcrserio
534 2533 960 2600 constanterque
995 2526 1405 2582 condemnavit.
1448 2526 1698 2584 Imitatus

143 2624 516 2681 Frankenium
539 2625 729 2681 Simon
752 2625 1030 2684 Simonius
1061 2626 1372 2684 Academiae
1402 2628 1699 2706 Lipsiensis

143 2727 477 2786 clarissimus
527 2728 802 2805 professor
851 2728 1078 2805 publice
1137 2729 1396 2806 deposuit
1444 2730 1699 2788 haeresim

142 2828 367 2905 pragae,
411 2839 539 2907 post
575 2830 904 2886 diuturnum
948 2851 1074 2887 cum
1109 2830 1395 2888 Societatis
1441 2831 1698 2906 theologo

146 2939 421 2985 certamen
449 2952 460 2986 z
498 2931 671 2988 sedin
703 2931 1029 2988 Barathrum
1053 2931 1303 3008 relapsus
1320 2976 1334 3004 7
1368 2951 1434 2988 ex
1455 2951 1519 2987 eo
1542 2950 1702 2986 num-

147 3049 350 3106 quam,
385 3041 447 3086 ut
469 3032 811 3091 Frankenius
849 3035 1089 3091 emersit.
1125 3035 1187 3091 In
1222 3033 1503 3111 plerisque
1532 3029 1703 3087 Bohe·

146 3133 272 3189 miae
335 3132 502 3206 locis,
564 3136 870 3211 praesertim
926 3135 1286 3208 Lithomislii,
1346 3153 1408 3190 ac
1462 3130 1697 3203 Psssnae,

1735 826 1805 866 per
1819 812 2032 867 Silesiam,
