2147 3489
493 233 763 271 msTomAE
804 226 1124 267 SOCIETATIS
1167 231 1317 269 ssssu.
1567 211 1680 271 107

134 335 270 393 tidie
305 336 377 393 ad
419 354 609 393 eorum
638 342 822 410 partes
863 343 918 389 et
948 333 1100 408 signa
1138 346 1495 392 concurrunt.
1539 337 1687 394 Toti-

138 435 267 492 dem
323 436 522 492 milites
579 436 636 490 in
695 444 855 490 tuum
908 437 1221 509 conjuratos
1280 445 1448 510 caput
1504 439 1680 496 vides.

135 536 341 593 Omnes
371 535 649 610 Europaeis
679 535 827 606 istis.
863 536 1135 610 magistris
1171 555 1234 591 ac
1263 535 1505 593 ducibus
1536 541 1648 596 suis
1668 583 1682 612 .,

133 636 378 693 solemne
406 646 809 693 sacramentum
842 636 1065 708 dieunt,
1107 635 1178 692 ad
1214 646 1413 693 nutum
1444 641 1687 715 prompti

135 746 189 793 et
217 737 477 813 expediti.
507 739 622 794 Nec
653 737 886 794 deerunt
911 737 1081 794 duces
1104 738 1313 793 militiae
1344 739 1683 815 peritissimi.

136 837 234 893 Vel
273 857 418 894 unus
464 838 555 895 ille
591 842 778 914 justus
816 840 1156 897 Ucondouus
1195 851 1467 917 quantum
1514 841 1690 898 robur

131 949 405 1014 quantum
442 940 611 998 decus
641 942 743 998 erit
765 941 1089 998 Christianis
1118 942 1403 1017 partibus,
1444 962 1572 998 cum
1603 962 1692 999 ex-

133 1049 319 1097 cutere
379 1045 580 1117 jugum
640 1042 864 1099 volent?
915 1043 1144 1099 Nummi
1166 1086 1180 1115 .,
1242 1024 1440 1114 naveS‚
1498 1062 1686 1114 arma,

128 1150 332 1215 praesto
382 1153 545 1199 erunt
587 1144 753 1200 simul
797 1153 965 1220 atque
998 1145 1262 1200 innuerit.
1303 1142 1379 1201 Ac
1408 1163 1600 1200 vereor
1626 1154 1692 1200 ut

130 1239 291 1297 illum
329 1251 440 1298 tam
472 1243 631 1301 facile
662 1246 994 1322 comprimas
1017 1290 1031 1317 a
1072 1246 1116 1303 si
1152 1246 1322 1303 semel
1356 1245 1686 1319 invaluerit,

134 1361 304 1417 quam
339 1363 620 1421 nuperum
653 1346 803 1403 hunc
835 1348 1131 1418 Bonzium7
1157 1348 1254 1423 qui
1285 1367 1484 1423 parum
1508 1347 1692 1404 abfuit

132 1447 270 1522 quin
303 1456 357 1504 te
391 1447 461 1503 de
496 1448 632 1504 solio
663 1447 1009 1505 deturbaret.
1044 1450 1241 1523 Neque
1271 1457 1324 1503 te
1359 1448 1694 1504 Christiano-

129 1567 257 1604 rum
300 1549 569 1606 modestia
618 1558 869 1620 moveat.
917 1547 1072 1602 nulla
1115 1565 1251 1620 gens
1296 1548 1597 1603 simulandi
1638 1558 1693 1606 et

131 1647 519 1706 dissimulandi
565 1650 826 1727 peritior,
867 1647 1021 1704 nulla
1056 1646 1328 1705 callidior.
1366 1649 1502 1706 Istas
1535 1651 1695 1726 virgi-

128 1769 257 1822 nes,
303 1771 431 1826 quae
477 1760 532 1806 te
581 1751 837 1806 ferociter
891 1758 1251 1825 spreverunt⁷
1305 1750 1419 1806 noli
1468 1751 1691 1809 credere

132 1869 261 1926 erga
284 1869 477 1908 omnes
500 1851 639 1907 adeo
664 1851 834 1908 duras
867 1861 921 1907 et
953 1851 1182 1907 invictas
1211 1869 1351 1908 esse.
1381 1851 1688 1908 Multorum

130 1970 199 2008 ex
234 1950 337 2007 hac
374 1952 663 2027 peregrina
698 1961 846 2009 secta
881 1951 1136 2009 infandas
1177 1952 1437 2010 libidines
1479 1963 1534 2009 et
1569 1973 1690 2011 sce-

129 2051 242 2108 lera
264 2097 278 2124 ,
304 2053 468 2109 nobis
497 2053 569 2109 ad
591 2053 734 2109 hanc
755 2055 904 2111 diem
936 2055 1124 2130 ignota
1140 2099 1154 2128 .,
1188 2056 1509 2133 nuperrime
1532 2075 1691 2113 com-

129 2147 350 2230 perisiig
403 2162 613 2212 ceteros
663 2155 869 2213 similes
911 2155 1020 2213 illis
1068 2167 1224 2233 puta.
1275 2157 1392 2229 Dii,
1449 2177 1690 2234 quorum

130 2254 338 2330 templa
369 2264 653 2328 evertunt⁷
693 2265 901 2314 statuas
940 2258 1363 2331 comminuunt7
1398 2258 1690 2334 religiones

133 2357 501 2415 sanctissimas
540 2368 595 2415 et
617 2359 1018 2416 vetustissimas
1053 2358 1412 2436 proculcant,
1447 2360 1686 2418 ultorem

132 2467 187 2515 te
227 2467 486 2534 poscunt.
522 2458 751 2516 Illorum
782 2460 1009 2532 honori,
1043 2470 1154 2516 tuae
1189 2481 1252 2517 ac
1286 2472 1511 2517 tuorum
1544 2462 1691 2518 inco-

129 2562 402 2634 lumitati,
435 2571 490 2618 et
513 2561 677 2618 saluti
700 2561 986 2618 consulere
1015 2571 1236 2638 tempus
1268 2571 1369 2619 est.

296 2665 415 2722 Hac
436 2666 681 2721 oratione
712 2684 975 2722 accensus
998 2665 1324 2741 Imperator,
1352 2674 1407 2722 et
1427 2665 1685 2738 libidine,

131 2764 423 2841 religione,
477 2777 628 2823 metu
683 2777 924 2824 aestuans
973 2788 985 2822 :
1044 2776 1160 2823 tum
1203 2767 1349 2824 Justi
1400 2767 1689 2824 Ucondoni

131 2883 539 2942 procerumque
573 2868 1012 2925 Christianorum
1053 2888 1221 2945 opes,
1267 2870 1685 2940 auctoritatem,

136 2987 289 3024 arma
319 2971 577 3027 attentius
607 2981 870 3048 reputans
891 3015 905 3044 7
931 2991 1114 3028 unum
1154 2991 1185 3027 e
1221 2971 1382 3047 regiis
1417 2971 1690 3047 apparito-

135 3069 294 3125 ribus
317 3069 395 3124 ire
430 3070 715 3128 confestim
752 3074 825 3129 ad
857 3073 890 3129 J
899 3083 1083 3130 ustum
1115 3072 1482 3129 Ucondonum
1498 3070 1685 3145 jubet,

137 3178 306 3247 atque
325 3169 431 3228 hoc
450 3170 530 3228 illi
554 3174 668 3233 suis
691 3175 874 3232 verbis
897 3175 1257 3232 denuntiare:
1286 3173 1485 3230 Utrum
1512 3170 1687 3243 malit‚

1727 2678 1843 2721 Exilii
1882 2679 1947 2721 lex

1724 2744 1849 2786 fertur
