2147 3489
138 348 235 398 Quis
271 361 366 390 usus

65 414 260 456 orationis
326 420 366 455 et

66 479 342 522 mortificatio-

65 557 144 587 nis.

141 1369 284 1413 Galliae

65 1436 331 1489 perturbatio.

407 216 434 272 1
445 215 521 275 30
1073 232 1315 270 EPITOME

401 337 574 395 rebus
604 356 732 414 quae
754 335 825 393 ad
849 344 1055 393 rectam
1086 335 1312 392 familiae
1335 335 1443 394 sibi
1467 335 1777 393 commissae
1799 334 1977 392 admi-

400 439 783 498 nistrationem
818 438 1182 515 pertinerent.
1228 436 1465 494 Addidit
1494 435 1785 514 epistolam
1828 454 1975 492 anno
2007 495 2012 502 ,

401 542 690 619 sequenti,
735 541 806 598 de
844 560 950 598 usu
988 540 1279 612 orationiS,
1313 549 1369 596 et
1397 539 1819 596 afflictationum
1850 556 1978 594 cor-

398 647 587 725 poris.,
638 647 698 702 in
745 645 1017 702 Societate
1060 641 1357 700 servando,
1403 641 1642 699 Causam
1693 637 1977 698 scribendi

399 748 680 807 dederunt
715 768 745 804 e
782 746 986 803 nostris
1030 744 1123 801 alii
1159 743 1614 821 contemplationi
1651 753 1706 802 et
1750 741 1978 800 austeri-

397 852 495 907 tati
534 849 664 927 plus
699 868 863 925 aequo
896 846 1103 920 dediti,
1138 846 1228 902 alii
1260 845 1493 902 modum
1531 844 1641 903 illis
1671 843 1978 902 virtutibus

399 973 468 1010 ex
500 952 747 1009 Instituti
777 950 890 1007 fine
925 949 1264 1026 legibusque
1297 948 1625 1025 ponendum
1663 947 1980 1005 existiman-

400 1064 506 1114 tes.
544 1054 860 1130 Utramque
897 1051 1229 1109 sententiam
1274 1051 1389 1107 suis
1422 1049 1651 1106 libravit
1680 1046 1979 1105 momentis

401 1156 725 1234 Aquaviva,
763 1163 818 1211 et
853 1172 1113 1230 quaenam
1154 1152 1523 1223 austeritatis7
1565 1170 1693 1226 quae
1723 1158 1980 1206 contem-

399 1260 664 1339 plationis
678 1260 765 1316 via
780 1267 834 1316 et
849 1256 1051 1314 modus
1073 1254 1331 1313 Societati
1347 1253 1661 1324 conveniat,
1686 1250 1975 1328 explicuit.

567 1361 906 1439 Compositis
935 1378 1262 1436 parumper7
1297 1357 1396 1434 qui
1425 1354 1753 1412 Societatem
1785 1353 1984 1430 Hispa-

400 1485 532 1522 nam
576 1463 866 1541 agitabant
887 1478 907 1534 7'
933 1460 1239 1531 fluctibus3
1279 1458 1534 1516 nondum
1577 1458 1635 1513 in
1671 1456 1849 1514 Gallia
1882 1475 1985 1533 pu-

400 1567 538 1625 blici
567 1565 884 1643 privatique
912 1570 1101 1618 motus
1125 1564 1582 1639 conquieverant.
1619 1561 1827 1618 Eorum
1859 1581 1986 1617 cau-

403 1688 491 1728 sas
540 1666 711 1744 paulo
769 1664 936 1721 altius
970 1672 1223 1739 repetere
1275 1684 1386 1721 non
1423 1666 1528 1722 erit
1579 1664 1862 1735 alienum,
1906 1661 1981 1718 ad

399 1767 766 1846 intelligenda
829 1785 959 1842 quae
1018 1765 1325 1822 Historiam
1383 1773 1630 1822 nostram
1705 1774 1980 1841 spectant.

400 1871 731 1932 Franciscus
773 1868 825 1926 Il
862 1867 1059 1925 Galliae
1087 1869 1206 1925 Rex
1251 1868 1488 1924 duxerat
1523 1866 1756 1924 Mariam
1788 1866 1987 1924 Stuar-

402 1984 544 2046 tam,
570 1973 767 2030 Scotiae
789 1968 1086 2048 Reginam7
1113 1973 1348 2048 ejusque
1369 1969 1677 2028 avunculos
1699 1969 1987 2048 Principes

405 2077 629 2135 Guisios
668 2074 949 2153 primariis
982 2074 1139 2149 regni
1162 2073 1497 2130 muneribus
1540 2083 1596 2130 et
1633 2070 1984 2149 praefecturis

404 2187 717 2237 ornaverat.
773 2175 1179 2234 Permolestum
1230 2174 1291 2231 id
1334 2174 1536 2231 accidit
1585 2174 1752 2250 regiae
1796 2173 1985 2250 stirpis

403 2281 763 2360 Principibus
784 2325 798 2353 a
827 2280 925 2357 qui
965 2298 1022 2336 se
1052 2278 1258 2335 Guisiis
1287 2276 1671 2354 posthabitos7
1712 2284 1768 2332 et
1797 2275 1855 2331 in
1884 2295 1988 2352 pu-

404 2385 572 2444 blicae
630 2385 710 2441 rei
774 2381 1256 2441 administratione
1323 2380 1610 2458 neglectos
1687 2378 1980 2437 dolebant.

408 2489 624 2561 Quare,
662 2496 728 2545 ut
756 2486 1077 2543 Guisiorum
1108 2484 1414 2562 potentiam
1439 2483 1804 2561 infringerent
1827 2527 1841 2554 7
1880 2502 1987 2539 au-

407 2590 671 2648 diverunt
693 2609 802 2646 non
835 2589 994 2646 inviti
1017 2587 1400 2659 Calvinianos7
1433 2586 1531 2662 qui
1553 2585 1849 2662 pecuniam
1872 2582 1986 2642 illis

405 2702 463 2750 et
509 2713 663 2748 arma
714 2692 1048 2749 offerebant.
1098 2691 1322 2748 Mortuo
1364 2689 1585 2745 interim
1632 2687 1750 2744 sine
1793 2687 1987 2745 liberis

406 2796 700 2855 Francisco
731 2795 810 2867 II⁷
853 2813 1090 2870 regnum
1127 2792 1419 2870 capessivit
1455 2793 1574 2867 ejus
1615 2790 1786 2847 frater
1817 2791 1987 2848 Caro-

407 2898 498 2957 lus
528 2898 608 2956 IX
638 2895 946 2954 admodum
971 2916 1132 2973 puer.
1168 2896 1367 2972 Itaque
1394 2895 1549 2971 regni
1580 2893 1987 2953 administratio

407 3005 529 3078 ejus
571 2999 736 3058 Matri
787 2998 1101 3057 Catharinae
1151 2996 1416 3054 Mediceae
1461 2998 1750 3074 permissa.
1816 2998 1981 3068 Haec,

408 3104 539 3160 odio
605 3102 924 3160 Guisiorum
992 3109 1090 3158 aut
1151 3109 1340 3172 metU‚
1404 3110 1590 3178 partes
1660 3101 1983 3178 Principum

387 3205 616 3265 ‘Guisiis
651 3203 998 3264 infensorum
1022 3249 1037 3278 a
1074 3213 1129 3262 et
1158 3203 1546 3263 haereticorum
1583 3225 1773 3280 arma,
1818 3204 1977 3262 fovit.
