2147 3489
483 228 752 266 myrorum
793 226 1113 263 socm‘rATis
1156 228 1304 265 JESU.
1595 208 1671 266 99

127 331 289 407 eique
317 350 591 390 summam
629 337 683 385 et
720 327 861 383 nulli
890 326 1186 382 obnoxiam
1216 337 1539 403 potestatem
1570 330 1674 388 de-

125 432 396 488 mandari.
427 432 545 488 Hoc
567 449 665 506 per
695 428 1042 486 Cardinalem
1068 428 1394 484 Toletauum
1415 474 1427 500 a
1450 429 1554 486 boc
1575 450 1675 507 per

127 535 456 592 catholicum
488 534 693 608 Regem
716 576 729 603 ·,
764 551 792 587 a
827 531 1094 587 Pontifice
1119 531 1357 587 Maximo
1381 531 1676 606 impetran-

126 634 262 691 dum
302 641 630 711 sumpserat.
671 632 896 709 Yasquii
940 632 1242 703 sententia7
1284 630 1449 686 modo
1490 631 1676 687 flumi-

122 756 258 792 num
307 755 434 811 quae
481 734 730 790 hibernis
788 743 946 790 aucta
990 733 1246 804 nivibus7
1293 750 1405 808 quo
1456 729 1675 806 lougius

121 835 461 912 procedunt7
496 856 559 893 eo
599 837 978 892 intumescunt
1019 835 1227 910 magis‚
1275 832 1478 889 multos
1519 831 1676 888 brevi

120 936 546 1012 adstipulatores
582 937 810 993 invenit.
867 935 1042 1012 quue
1076 946 1196 992 tum
1232 938 1469 994 maxime
1497 938 1678 1014 patuit

119 1036 178 1091 in
210 1037 458 1094 Romana
496 1038 923 1094 Procuratorum
962 1037 1428 1113 Confi-,negatione7
1474 1040 1532 1095 in
1566 1058 1678 1115 qua

123 1137 450 1195 Castellanae
478 1139 781 1195 Provinciae
812 1138 1000 1195 Patres
1035 1140 1227 1196 eadem
1258 1160 1384 1216 quae
1408 1160 1680 1218 propone-

120 1237 330 1296 bantur
351 1261 379 1296 a
414 1241 655 1318 Vasquio
677 1250 732 1297 et
755 1241 858 1297 alia
883 1242 1141 1317 quaedam
1173 1243 1678 1302 Constitutionibus

118 1339 284 1415 plane
306 1342 547 1414 inimica,
573 1343 730 1399 enixe
751 1343 1093 1418 flagitarunt.
1116 1343 1186 1400 At
1207 1344 1315 1402 illis
1336 1345 1679 1423 reliquarum
1764 1417 1770 1422 ¹

119 1439 536 1499 Provinciarum
579 1444 967 1500 Procuratores
1007 1443 1362 1502 vehementer
1403 1446 1678 1504 adversati

119 1551 251 1597 sunt
283 1564 293 1598 :
327 1545 439 1599 imo
469 1545 632 1601 etiam
664 1544 733 1600 de
763 1562 926 1620 poena
966 1544 1010 1600 si
1053 1545 1178 1620 quis
1207 1545 1329 1602 haec
1367 1567 1678 1624 proponere

117 1654 405 1718 pergeret,
447 1644 786 1722 imponenda
829 1644 1200 1702 deliberatum
1244 1656 1345 1704 est.
1396 1647 1678 1708 Attonitus

118 1751 271 1801 tanto
295 1765 567 1803 consensu
596 1746 875 1820 Vasquius
911 1765 1092 1803 sacros
1116 1748 1449 1818 Quaesitores
1491 1750 1680 1827 appel-

119 1843 253 1901 lavit
274 1889 288 1918 7
322 1865 561 1922 quorum
604 1847 931 1904 auctoritate
959 1847 1133 1906 fretus
1161 1849 1322 1906 latuit
1349 1871 1674 1929 parumper,

118 1957 174 2006 et
215 1949 462 2007 absurda
500 1949 725 2007 consilia
774 1951 832 2006 in
874 1950 1025 2007 aliud
1070 1960 1291 2027 tempus
1333 1953 1539 2028 rejecit.

283 2052 358 2108 Ut
379 2072 408 2107 a
433 2052 748 2108 domesticis
770 2051 1026 2109 hostibus
1047 2050 1287 2110 Societas
1309 2053 1366 2108 in
1387 2053 1673 2130 Hispania,

118 2153 198 2212 sic
245 2153 318 2210 ab
364 2153 603 2211 externis
656 2154 713 2209 in
763 2152 1189 2231 Transsylvania
1232 2154 1673 2231 periclitabatur.

122 2253 412 2311 Instabant
461 2253 666 2312 Christi
723 2254 944 2328 hostes,
1004 2264 1059 2312 et
1106 2275 1325 2313 omnem
1380 2256 1681 2314 movebant

122 2356 390 2432 lapidem,
432 2367 496 2412 ut
530 2355 842 2413 idololatria
887 2355 988 2434 (sic
1023 2358 1170 2414 enim
1209 2356 1549 2415 Catholicam
1586 2357 1681 2414 Fi-

122 2456 251 2514 dem
275 2456 660 2534 appellabant)
689 2477 719 2514 e
747 2477 918 2533 regno
953 2458 1263 2532 tolleretur,
1290 2463 1521 2536 ejusque
1549 2479 1679 2517 auc-

123 2568 267 2616 tores
305 2558 534 2616 Jesuitae
588 2560 1105 2617 exterminarentur.
1154 2561 1375 2618 Restitit
1415 2561 1680 2639 Princeps

122 2662 304 2718 animo
337 2663 609 2719 constanti
632 2707 645 2734 .,
679 2665 913 2739 ejusque
933 2664 1157 2720 nomine
1187 2663 1453 2736 Senatus⁷
1487 2684 1681 2741 quam-

1712 2073 1959 2128 periclitatur

1714 2138 1755 2180 in
1769 2139 2006 2194 Transylva-

1715 2204 1780 2247 nia
1793 2220 1806 2260 ς

124 2782 293 2838 quam
373 2763 761 2835 Calvinianus7
842 2764 1248 2822 tumultuantes
1325 2766 1712 2842 compressit.·

130 2863 504 2933 Quamobrem
556 2865 766 2941 ingenti
809 2876 1076 2942 apparatu
1126 2868 1451 2924 restauratio
1495 2888 1678 2924 annua

127 2964 439 3022 studiorum
471 2966 612 3024 facta
636 2977 720 3025 est
742 2968 1087 3046 Claudiopoli
1107 3013 1121 3041 7
1155 2979 1208 3026 et
1232 2969 1508 3026 litterariae
1532 2989 1681 3027 exer-

129 3067 411 3124 citationes
449 3087 560 3124 non
596 3070 809 3147 vulgari
846 3072 1170 3129 eruditionis
1207 3081 1261 3129 et
1295 3072 1495 3148 ingenii
1535 3089 1681 3126 com-

129 3168 481 3227 mendatione
522 3174 848 3248 propositae,
902 3173 1208 3250 plurimum
1262 3172 1557 3228 valuerunt
1606 3170 1679 3227 ad
