2147 3489
471 190 742 229 HISTORIAE
785 190 1105 226 socissTAris
1149 191 1298 228 seso.
1553 169 1666 228 183

97 305 321 351 mortuo
344 293 497 351 illam
520 291 669 348 ultro
699 300 782 349 est
810 290 1064 368 amplexa
1094 312 1105 347 :
1135 301 1191 348 et
1212 309 1420 347 novum
1444 292 1503 347 in
1525 310 1669 348 nova

99 396 398 454 Cantabria
469 392 814 451 domicilium
867 393 1122 450 Societati
1185 392 1402 449 datum.
1467 392 1670 450 Incidit

96 499 375 557 fortunata
411 498 475 555 P.
525 496 713 573 Tapiae
760 514 908 553 mors
948 495 1007 551 in
1041 504 1258 553 sextum
1291 493 1425 551 Idus
1454 494 1662 565 Julias3

95 620 270 659 annos
306 603 424 678 ipse
460 607 679 654 tantum
719 606 961 674 quatuor
1002 617 1065 654 ac
1099 597 1323 673 triginta
1353 598 1662 674 peregerat.

260 702 322 758 In
363 698 540 756 Gallia
578 700 827 776 pristinae
870 699 1138 756 adversus
1181 699 1506 757 Societatem
1544 698 1667 757 lites
1755 701 1824 773 ,¹¹3
1873 701 2004 774 G³J¹i³

94 802 414 860 instauratae
467 800 677 858 sunta
727 800 1014 858 nonnullis
1060 801 1358 858 academiae
1404 801 1667 858 Parisinae
1704 767 2007 874 {ggfggffatlgfs

93 902 528 960 Professoribus.
597 902 848 959 ,Iacobus
905 901 1208 960 Ambosius
1283 903 1667 960 Universitatis
1704 902 1782 937 8²⁰·

93 1014 308 1077 rector,
355 1004 580 1061 Senatui
623 1004 871 1062 Parisino
912 1004 1168 1061 libellum
1208 1005 1518 1082 supplicem
1569 1004 1665 1060 ob-

92 1107 221 1164 tulit
256 1127 370 1185 quo
401 1106 880 1164 exterminandam
926 1126 1046 1164 esse
1082 1107 1410 1164 Societatem
1446 1115 1669 1163 conten-

94 1208 297 1282 debat,
334 1218 394 1266 ut
428 1208 606 1265 ordini
646 1207 1022 1281 hierarchico,
1056 1211 1210 1287 regni
1239 1207 1625 1285 tranquillitati
1649 1252 1665 1280 7

92 1311 392 1367 academiae
435 1309 536 1366 toti
580 1327 810 1386 prorsus
853 1310 1133 1367 inimicam
1170 1319 1338 1387 atque
1377 1308 1661 1367 infestam.

95 1414 275 1472 Causa
308 1415 366 1469 in
401 1423 594 1471 senatu
633 1422 823 1469 contra
856 1413 1184 1470 Societatem
1209 1433 1239 1469 a
1271 1411 1497 1469 duobus
1520 1431 1668 1468 acer-

89 1515 245 1572 rimis
268 1515 561 1572 causidicis
591 1514 761 1570 dicta.
797 1514 1150 1591 Responsum
1175 1523 1259 1571 est
1293 1525 1413 1570 tum
1446 1514 1519 1569 ab
1543 1512 1666 1570 aliis

88 1617 339 1694 patronis
368 1617 490 1673 viva
525 1635 659 1673 voce
680 1661 693 1687 ,
733 1624 853 1672 tum
887 1636 918 1672 a
948 1615 1210 1673 Patribus
1234 1660 1249 1689 ‚
1281 1614 1445 1673 editis
1475 1615 1659 1673 libris.

88 1720 347 1796 Cumque
375 1717 611 1775 facultas
635 1717 953 1794 Theologiae
971 1727 1074 1790 7tet
1106 1718 1365 1776 Facultas
1397 1717 1617 1775 Artium
1643 1763 1658 1792 7

87 1841 192 1878 nec
213 1839 324 1877 non
348 1821 492 1896 juris
521 1820 796 1877 Pontificii
828 1829 883 1877 et
906 1820 1210 1878 Medecinae
1234 1821 1489 1880 doctores
1519 1841 1662 1898 prae-

90 1922 240 1999 cipui
290 1921 477 1999 palam
519 1922 740 1978 Rectori
784 1922 1165 1979 Universitatis
1210 1922 1661 1995 adversarentur,

91 2024 581 2102 comperendinata
611 2024 679 2081 lis
701 2069 715 2097 7
742 2044 806 2081 ac
829 2024 1058 2081 demum
1085 2026 1308 2102 penitus
1332 2025 1534 2082 omissa
1557 2033 1661 2082 est.

90 2125 164 2184 At
185 2147 296 2183 non
333 2129 591 2185 restincta
626 2127 794 2184 simul
830 2127 1037 2183 invidia
1060 2172 1074 2200 7
1109 2148 1237 2204 quae
1261 2147 1453 2186 ansam
1477 2127 1551 2184 ad
1574 2146 1671 2183 no-

91 2228 333 2285 cendum
397 2228 799 2305 undecumque
852 2238 1115 2307 captans7
1172 2249 1294 2286 eam
1355 2230 1591 2307 arripuit
1640 2251 1674 2287 e

91 2329 239 2387 Petri
271 2329 505 2386 Barrerii
529 2330 735 2388 scelere
757 2376 770 2404 v
798 2338 884 2409 cuj
895 2352 959 2390 us
983 2332 1230 2390 conscios
1253 2342 1308 2390 et
1331 2332 1526 2389 affines
1549 2352 1671 2390 esse

92 2432 284 2489 Patres
328 2417 667 2489 affirmabat.
715 2433 768 2490 Is
818 2433 1031 2510 aliquid
1080 2445 1270 2490 contra
1313 2434 1457 2510 regis
1501 2443 1671 2511 caput

91 2532 300 2590 nefarie
342 2532 675 2606 meditatus7
721 2543 776 2591 et
819 2535 1093 2612 supplicio
1149 2535 1383 2592 affectus
1426 2535 1608 2593 fuerat
1653 2558 1665 2592 z

96 2635 227 2710 quia
251 2654 380 2692 vero
411 2636 704 2694 constabat
726 2656 855 2694 eum
879 2637 1113 2694 Lutetiae
1132 2682 1145 2709 7
1181 2658 1308 2694 cum
1340 2638 1403 2694 P.
1433 2637 1673 2696 Ambro-

98 2736 178 2794 sio
218 2737 466 2795 Varadeo
509 2739 798 2812 locutum7
839 2740 896 2795 in
940 2739 1091 2796 hunc
1135 2742 1384 2816 conjecta
1429 2741 1672 2817 suspicio

99 2837 324 2894 nefandi
364 2839 582 2898 sceleris
619 2841 748 2898 fuit.
796 2841 906 2899 Sed
943 2842 1257 2900 Varadeum
1302 2852 1356 2899 et
1391 2842 1677 2899 Barrerius

96 2950 366 3017 purgarat
387 2943 596 3018 palam„
622 2954 677 3002 et
700 2945 974 3002 Heni-icus
997 2946 1116 3022 ipse
1140 2944 1213 3000 IV
1239 2943 1454 3000 nullam
1480 2942 1549 2998 de
1572 2941 1672 2997 illo

98 3042 295 3099 haberi
346 3047 710 3119 quaestionem
763 3047 959 3104 voluit.
1014 3048 1150 3104 Haec
1206 3046 1446 3122 suspicio
1491 3053 1546 3100 et
1589 3063 1675 3099 ca-

99 3143 314 3202 lumnia
365 3165 543 3202 unum
597 3147 908 3206 Varadeum
952 3148 1202 3225 petebat.
1251 3145 1372 3204 Alia
1410 3143 1672 3222 quaedam
