2147 3489
123 844 414 888 *P.5.lib.15.

458 212 572 272 188
1123 238 1365 277 EPITOME

452 333 706 408 dicabat,
746 345 885 396 tunc
922 359 981 398 se
1014 360 1248 419 regnare
1284 342 1514 402 demum
1546 365 1611 403 ac
1643 345 1859 421 vivere,
1898 367 2026 405 cum

452 436 799 513 sacerdotem
855 439 1091 501 haberet
1149 445 1514 504 cruciandum
1574 447 1850 506 arbitratu
1899 468 2024 507 suo,

454 537 602 596 Huic
617 539 897 598 Phalaridi
922 542 1146 603 deditus
1161 545 1563 624 SouthweIIUS,
1578 552 1789 629 quibus
1819 553 2026 627 modis,

454 660 627 717 quam
671 645 994 720 exquisitis,
1042 668 1213 724 quam
1257 669 1406 728 saepe
1441 661 1622 712 tortus
1667 664 1722 711 et
1755 654 2029 714 laceratus

454 741 624 801 fuerit
679 745 869 804 horret
915 750 1137 808 animus
1187 753 1536 828 meminisse,
1583 777 1805 814 narrare
1855 759 2034 815 oratio

453 845 723 923 refugit*.
760 849 1099 909 Guillelmus
1128 853 1359 930 quidem
1393 856 1661 931 Ceciiius,
1695 859 2033 917 Elisabethae

452 950 754 1026 primarius
796 952 1152 1029 administer,
1188 951 1369 1014 adfuit
1399 959 1706 1019 identidem
1752 983 1881 1020 cum
1927 972 2034 1019 tor-

452 1064 743 1129 queretur,
789 1064 844 1112 et
883 1056 1153 1114 invictum
1187 1059 1357 1114 animi
1386 1061 1563 1118 robur
1603 1064 1663 1119 in
1692 1083 1924 1141 corpore
1958 1064 2035 1121 la-

451 1154 605 1211 niato
650 1157 965 1232 admirans,
1030 1171 1145 1216 non
1208 1180 1267 1218 se
1315 1164 1528 1235 tenuit,
1582 1166 1721 1240 quin
1773 1166 2036 1243 supplicii

453 1256 737 1316 diritatem
790 1262 968 1318 amico
1021 1262 1363 1338 denarrans,
1422 1267 1679 1325 inventos
1728 1269 1788 1324 in
1836 1267 2036 1345 Anglia

453 1358 654 1418 heroas
684 1361 927 1436 diceret,
960 1366 1058 1441 qui
1089 1366 1286 1442 priscis
1322 1367 1432 1425 illis
1461 1368 1730 1428 heroibus
1761 1391 1875 1428 non
1910 1390 2038 1427 con-

455 1462 739 1521 cederent.
795 1465 1032 1523 Roberti
1090 1487 1220 1525 vero
1275 1472 1451 1527 nostri
1509 1484 1667 1549 pater
1721 1471 2040 1530 Richardus

455 1562 839 1624 Southwellus
862 1610 876 1639 ,
944 1567 1128 1625 filium
1195 1569 1500 1648 aliquando
1552 1576 1919 1648 conveniens,
1982 1584 2038 1633 et

456 1686 653 1725 cruore
675 1669 993 1745 perfusum,
1026 1674 1202 1730 macie
1225 1694 1289 1731 ac
1311 1685 1452 1732 tetra
1481 1676 1674 1733 illuvie
1697 1676 2032 1751 deformem,

455 1770 849 1846 seminudum,
891 1773 1223 1832 semivivum
1267 1777 1574 1854 aspiciens,
1610 1777 1805 1836 dolore
1845 1798 2038 1836 vocem

451 1874 837 1951 opprimente,
882 1875 956 1932 ad
998 1880 1125 1955 ejus
1175 1879 1350 1955 pedes
1402 1881 1751 1939 exanimatus
1803 1881 2034 1938 corruit.

452 1975 586 2034 Mox
615 1976 733 2033 adit
754 1979 1005 2055 reginam
1028 1980 1293 2057 supplex,
1320 1991 1376 2039 et
1398 1982 1723 2057 obsecrans,
1751 1995 1815 2041 ut
1835 1984 2034 2061 patriS,

453 2091 520 2163 ut
538 2081 640 2139 filii
663 2083 1016 2155 miserescat,
1042 2085 1248 2141 avitam
1269 2086 1621 2143 nobilitatem
1640 2070 1664 2160 ,'
1680 2096 1736 2144 et
1758 2085 2036 2143 nonnulla

453 2202 556 2243 sua
584 2186 642 2242 in
673 2185 965 2262 publicam
993 2206 1112 2243 rem
1142 2187 1338 2244 merita
1368 2197 1769 2245 commemorat
1805 2209 1817 2244 ε
1850 2186 2036 2244 filium

452 2288 700 2345 accusari
732 2307 929 2365 posse,
969 2288 1221 2346 damnari
1254 2291 1420 2348 etiarn
1456 2309 1652 2368 posse,
1692 2292 1737 2348 si
1775 2310 1905 2349 reus
1929 2292 2033 2363 sitg

453 2398 512 2447 at
531 2409 761 2467 aequum
786 2410 900 2448 non
929 2411 1080 2466 esse,
1107 2402 1172 2449 ut
1192 2393 1578 2466 indemnatus,
1602 2392 1813 2450 indicta
1837 2412 2003 2451 causa
2019 2437 2034 2466 ,

452 2513 648 2571 poenas
672 2504 784 2551 tam
808 2515 1004 2572 graves
1028 2495 1348 2574 dependere
1368 2496 1568 2554 tandiu
1581 2497 1874 2573 jubeatur.
1900 2496 2039 2553 Haec

453 2596 717 2675 lacrymis
755 2598 1018 2676 perfusus
1057 2600 1256 2656 orabat
1289 2619 1391 2676 pro
1435 2607 1564 2655 nato
1595 2616 1830 2674 paren83
1866 2597 2047 2674 idque

456 2699 516 2756 in
560 2701 749 2776 magni
786 2701 1047 2758 beneficii
1089 2701 1213 2758 loco
1254 2701 1407 2758 visus
1447 2709 1530 2757 est
1571 2700 1934 2776 impetrasse,
1975 2709 2041 2756 ut

459 2802 651 2861 liceret
678 2804 784 2880 ipsi
809 2803 991 2860 filium
1023 2805 1226 2861 vestire
1257 2803 1370 2860 suis
1408 2800 1766 2878 sumptibus,
1793 2809 1849 2858 et
1877 2820 2045 2877 parce

461 2929 527 2966 ac
571 2908 784 2965 duriter
826 2906 993 2963 alere.
1038 2906 1282 2963 Tantum
1320 2903 1683 2960 immanitatis
1720 2902 2042 2959 cultissimae

462 3011 775 3089 Anglorum
800 3010 950 3086 genti
975 3008 1211 3067 suadere
1235 3005 1372 3064 falsa
1394 3005 1587 3081 religio
1609 3004 1819 3083 potuit!
1853 3004 2042 3061 Trien—

462 3116 623 3172 nium
655 3113 769 3171 fere
800 3121 981 3169 totum
1021 3118 1248 3168 steterat
1281 3110 1339 3165 in
1381 3109 1501 3166 istis
1539 3107 1829 3179 aerumnis,
1861 3122 2042 3181 ergas-

464 3217 584 3275 tula
625 3217 913 3276 interdum
947 3224 1173 3275 mutans
1208 3212 1314 3272 alia
1356 3213 1478 3272 aliis
1521 3210 1774 3290 graviora
1795 3254 1812 3284 ,
1848 3226 1977 3266 cum
2011 3225 2044 3262 a
