2147 3489
508 204 780 242 ms‘romAE
824 201 1142 243 SOCIETATIS
1186 209 1335 247 JESU.
1626 190 1704 248 59

156 325 354 364 venere
384 307 562 383 gentis
585 325 869 383 proceres,
902 314 957 363 et
990 324 1084 362 ore
1113 326 1224 362 uno
1249 307 1534 367 dedendos
1557 309 1708 367 Lusi-

152 411 295 467 tanis
345 410 564 467 sicarios
616 408 1089 486 pronunciarunt3
1152 406 1247 463 sed
1290 411 1405 483 jam
1461 410 1708 467 scelerati

153 509 505 587 aufugerant,
553 510 765 566 Educta
814 519 984 587 puteo
1035 527 1294 584 corpora,
1348 508 1474 564 licet
1510 520 1709 585 quarto

153 621 280 687 post
311 632 502 670 necem
538 613 662 684 die,
695 613 899 669 recenti
931 612 1200 687 sanguine
1239 631 1303 667 ac
1347 614 1499 669 suavi
1543 615 1711 671 odore

154 723 520 771 manaverunt
572 736 582 770 :
637 724 692 772 et
738 716 1021 791 quiajam
1064 714 1242 770 multa
1297 734 1407 771 nox
1455 724 1602 787 erat,
1653 717 1711 772 in

151 811 386 870 Baccioli
411 816 600 892 oppidi
627 817 888 892 primario
912 817 1066 872 Divae
1089 816 1275 874 Mariae
1298 815 1510 892 templo
1528 861 1541 888 ,
1568 817 1711 873 inter

146 912 340 972 dulces
381 917 630 973 omnium
662 917 936 995 lacrymas
974 926 1029 974 et
1058 918 1178 993 pios
1218 927 1449 988 cantus,
1489 918 1713 974 condita

149 1014 325 1074 fuere.
367 1018 503 1075 Inde
547 1018 720 1075 Goam
763 1038 909 1075 anno
951 1038 1171 1075 Muxfflx
1204 1019 1532 1095 deportata,
1565 1028 1620 1075 et
1655 1019 1713 1074 in

149 1116 434 1175 Societatis
461 1120 667 1195 templo
702 1120 988 1177 decentius
1020 1120 1237 1197 sepulta
1262 1129 1414 1178 sunt.

317 1221 494 1278 Natus
526 1230 642 1276 erat
663 1221 1000 1298 Rodulphus
1031 1241 1176 1277 anno
1205 1242 1369 1291 Mum,
1400 1230 1558 1298 patre
1591 1221 1716 1279 Hie-

149 1340 387 1399 ronymo
441 1322 757 1400 Aquaviva,
805 1325 960 1404 Duce
1002 1324 1207 1395 Atriae,
1263 1323 1482 1380 Claudii
1535 1323 1717 1400 Aqua-

148 1423 289 1479 vivae
310 1467 324 1495 ,
380 1424 661 1481 Generalis
706 1424 995 1500 Praepositi
1053 1424 1371 1495 Societatis,
1426 1443 1712 1500 germanO.

151 1523 453 1580 Pueritiam
478 1544 540 1582 ea
563 1528 791 1601 prorsns
820 1525 1033 1581 ratione
1061 1524 1409 1596 traduxerat,
1443 1544 1572 1600 quae
1600 1524 1717 1580 lau—

147 1624 315 1682 datur
361 1627 416 1681 in
452 1627 820 1702 integerrimis
856 1626 1183 1703 quibusque
1240 1625 1711 1683 adolescentibus.

146 1725 426 1804 Insignem
459 1729 513 1782 in
545 1727 850 1804 flagitanda
889 1737 945 1785 et
974 1726 1219 1784 ineunda
1251 1727 1524 1783 Societate
1545 1771 1559 1800 ,
1586 1745 1714 1782 con-

148 1835 232 1882 tra
285 1827 531 1905 objectas
583 1849 612 1884 a
662 1829 992 1906 parentibus
1043 1837 1100 1885 et
1146 1829 1479 1905 propinquis
1529 1846 1713 1885 moras

150 1931 516 1986 constantiam
561 1931 908 2003 ostenderat,
956 1950 1058 1987 nec
1100 1931 1373 1986 minorem
1422 1931 1481 1985 in
1525 1930 1715 1987 Indica

145 2033 408 2090 missione
446 2034 818 2111 suscipienda.
854 2033 1070 2090 Exactis
1098 2033 1156 2088 in
1189 2032 1345 2088 Italia
1376 2050 1574 2088 novem
1610 2051 1715 2088 an—

146 2135 234 2191 nis
254 2179 268 2207 ,
295 2135 468 2191 Goam
488 2181 501 2208 ,
535 2135 665 2192 inde
687 2137 744 2191 in
767 2135 1002 2211 Mogolis
1024 2135 1097 2189 im
1108 2135 1322 2211 perium
1347 2133 1527 2204 venit,
1563 2132 1715 2189 unde

148 2246 470 2309 revocatUS,
513 2239 811 2314 pretiosam
848 2245 904 2294 et
931 2237 1213 2293 diuturnis
1249 2238 1545 2313 expetitam
1575 2236 1716 2293 votis

149 2346 387 2394 mortem
423 2339 481 2393 in
518 2339 814 2396 Salsettide
847 2338 1058 2394 invenit
1091 2357 1235 2394 anno
1273 2339 1450 2394 aetatis
1479 2338 1640 2393 tertio
1663 2345 1718 2407 et

149 2440 470 2515 trigesimo,
511 2440 662 2495 initae
703 2459 833 2496 vero
876 2440 1159 2495 Societatis
1195 2439 1412 2495 decimo
1456 2439 1714 2514 septimO.

157 2538 482 2617 Alphonsus
525 2541 787 2599 Paciecus
837 2541 1092 2613 Minaiae,
1149 2541 1206 2596 in
1247 2541 1456 2617 oppido
1492 2539 1715 2617 gentili,

154 2652 321 2702 natus
345 2688 359 2715 ,
399 2644 470 2700 ad
503 2644 828 2702 Societatem
860 2651 1164 2700 accesserat
1197 2661 1342 2698 anno
1384 2661 1629 2698 MDvan
1665 2649 1720 2697 et

151 2745 212 2802 in
262 2766 326 2803 ea
369 2766 726 2804 summarumv
762 2747 1033 2803 virtutum
1075 2746 1411 2802 documenta
1452 2744 1714 2816 dederat,

156 2846 366 2922 quibus
390 2848 679 2904 cumulum
712 2857 767 2905 et
788 2867 1048 2905 coronam
1069 2848 1233 2905 beata
1255 2866 1404 2904 mors
1427 2847 1712 2922 imposuit.

157 2947 386 3004 Petrum
427 2949 661 3007 Bernam
693 2949 907 3008 Ascona
941 2951 1217 3023 ediderat,
1251 2952 1412 3008 estid
1446 2948 1716 3026 oppidum

156 3046 230 3103 ad
267 3048 435 3106 littus
467 3050 708 3107 Verbani
746 3052 921 3110 lacus.
969 3054 1232 3129 Quinque
1279 3072 1342 3108 ac
1391 3050 1717 3125 vigesimum

164 3151 476 3210 confecerat
521 3173 760 3227 annum,
797 3175 923 3212 cum
960 3155 1287 3213 Societatem
1323 3154 1605 3230 ingressus
1634 3160 1718 3211 est
