2147 3489
194 2868 383 2924 Synodus

130 2933 374 2990 Diamperae.

466 167 588 225 262
1128 189 1370 228 EP1TOME

467 293 525 349 in
555 291 800 350 urbibus
828 302 884 351 et
912 313 1065 351 arma
1104 294 1276 352 errori
1306 292 1667 352 detraxerunt
1688 339 1702 368 ,
1744 305 1799 353 et
1827 315 2039 356 novum

468 396 660 473 pietati
684 395 856 454 decus
878 395 1167 454 addidere.
1193 396 1452 454 Instituta
1476 406 1607 453 sunt
1622 397 1863 455 Venetiis
1889 408 2043 456 sexta

469 518 697 576 quaque
730 499 896 573 feria,
951 520 1051 577 per
1093 501 1347 576 quinque
1387 498 1551 557 horas
1593 510 1892 577 perpetuas
1935 521 2039 578 pu-

469 601 635 659 blicae
664 622 856 680 preces
891 603 949 659 in
979 601 1190 679 templo
1227 599 1642 674 Professorum,
1683 601 1743 657 in
1771 600 2041 658 honorem

468 705 763 784 plagarum
808 706 1061 782 quinque
1117 703 1320 761 Christi
1372 702 1619 759 Domini.
1676 702 1860 758 Prima
1908 701 2046 758 hora

469 808 742 883 designati
766 808 910 864 cives
937 805 1347 863 conveniebant
1368 805 1425 860 in
1451 804 1631 862 aedem
1663 824 1873 862 sacram
1891 848 1906 875 ,
1943 803 2046 860 ubi

467 910 821 986 propositum
883 909 1253 966 adorantibus
1319 906 1551 984 patebat
1616 906 2044 963 Sanctissimum

468 1009 888 1069 Sacramentum
941 1034 952 1068 :
1008 1011 1253 1069 secunda
1304 1009 1440 1065 hora
1484 1007 1864 1066 succedebant
1916 1005 2043 1076 alii,

465 1112 716 1189 itemque
745 1113 837 1170 alii
875 1113 1031 1171 tertia
1050 1157 1064 1184 ,
1093 1122 1147 1169 et
1171 1111 1648 1188 consequentibus
1678 1109 1942 1186 deinceps
1974 1107 2047 1165 ad

465 1215 726 1271 eumdem
771 1215 1029 1272 modum.
1072 1212 1281 1271 Aderat
1311 1213 1582 1270 Sacerdos
1619 1220 1748 1268 ante
1779 1213 2046 1287 majorem

465 1339 657 1392 aram,
695 1330 751 1378 et
786 1341 938 1378 nunc
983 1329 1164 1391 stans,
1214 1339 1368 1376 nunc
1403 1318 1645 1395 genibus
1689 1316 1853 1374 nixus
1897 1322 2047 1372 certa

464 1423 820 1500 proponebat
887 1423 960 1481 ad
1030 1422 1424 1480 meditandum
1490 1421 1701 1497 capita,
1760 1416 2048 1495 proposita

466 1524 815 1601 explicabat,
872 1525 1267 1602 fundebatque
1318 1523 1517 1596 latius,
1577 1532 1641 1579 ut
1691 1522 1835 1578 viam
1887 1517 2050 1596 quasi

467 1627 870 1703 complanaret.
900 1627 1248 1703 Subjiciebat
1272 1626 1509 1682 idoneus
1533 1623 1900 1701 precationes,
1926 1620 2051 1696 qui-

466 1727 579 1785 bus
601 1729 865 1805 peractis,
893 1737 1117 1805 sumpta
1142 1747 1209 1785 ex
1231 1746 1342 1784 arae
1370 1723 1737 1782 tabernaculo
1758 1767 1772 1795 ,
1799 1731 1854 1779 et
1878 1720 2048 1777 ducta

466 1828 578 1887 alte
609 1831 667 1887 in
699 1831 935 1888 modum
966 1830 1160 1888 Crucis
1196 1849 1366 1906 super
1402 1826 1681 1905 populum
1720 1824 2048 1881 adorantem

465 1953 619 1991 sacra
662 1933 877 2008 hostia,
922 1934 1069 1991 bene
1103 1932 1212 2010 ipsi
1248 1930 1607 2009 precabatur.
1657 1927 1779 1984 Hoc
1816 1925 2049 1982 institu-

463 2045 585 2093 tum
616 2037 822 2094 deinde
853 2036 1099 2093 manavit
1129 2034 1203 2092 ad
1233 2033 1368 2090 alias
1401 2031 1573 2088 urbes
1608 2049 1672 2086 ac
1703 2026 2039 2105 provincias.

463 2137 575 2195 Sed
616 2137 781 2196 horas
824 2139 1078 2215 quinque
1117 2138 1175 2193 in
1221 2156 1392 2193 unam
1427 2132 1754 2191 contrahere
1796 2129 2043 2206 placuit,

462 2248 528 2297 ut
562 2239 827 2317 pluribus
855 2241 1046 2298 liceret
1083 2240 1409 2311 convenire,
1445 2237 1658 2315 quibus
1693 2233 1857 2291 vacui
1900 2240 2049 2288 tem-

462 2343 615 2419 poris
649 2352 869 2400 tantum
907 2362 1020 2400 non
1060 2353 1197 2400 erat.
1239 2343 1434 2399 Finem
1470 2340 1606 2397 huic
1634 2339 1743 2416 piae
1773 2335 2047 2394 exercita-

460 2447 600 2503 tioni
655 2456 1073 2525 proposuerunt
1130 2449 1250 2523 ejus
1303 2454 1558 2501 auctores
1579 2486 1593 2510 ,
1656 2449 1719 2496 ut
1768 2438 1866 2514 qui
1920 2455 2044 2492 eam

460 2548 858 2626 frequentant,
886 2559 1122 2607 mortem
1149 2556 1526 2626 opportunam
1558 2545 1616 2600 in
1646 2541 1886 2622 Domino
1918 2558 2047 2595 con-

464 2662 773 2728 sequantur
819 2675 831 2709 :
880 2672 994 2730 quo
1038 2651 1313 2709 beneficio
1339 2652 1539 2725 *majus
1581 2645 1806 2704 nullum
1862 2643 2047 2701 Chris-

461 2754 649 2812 tianus
681 2754 769 2811 vel
801 2754 908 2811 sibi
938 2756 1219 2831 quaerere,
1255 2752 1343 2810 vel
1372 2760 1565 2828 optare
1600 2749 1720 2806 aliis
1754 2756 1958 2826 potest.

629 2857 755 2913 Non
791 2855 927 2913 levis
962 2855 1034 2912 ad
1071 2855 1394 2932 religionem
1428 2854 1485 2907 in
1516 2851 1672 2908 India
1704 2849 2046 2907 confirman-

467 2958 598 3014 dam
637 2959 903 3015 momenti
948 2958 1056 3014 fuit
1100 2958 1362 3036 Synodus
1399 2954 1856 3033 Diamperiensis.
1897 2952 2044 3009 Huic

466 3059 694 3137 Synodo
751 3060 1030 3118 habendas
1093 3060 1372 3117 dederunt
1429 3078 1653 3116 causam
1706 3057 2041 3126 Christiani,

467 3180 610 3238 quos
662 3162 959 3222 Thomaeos
1002 3163 1170 3241 vulgo
1216 3173 1450 3235 vocant,
1505 3164 1563 3219 in
1604 3173 1850 3221 extrema
1886 3170 2045 3240 parte
