2147 3489
111 991 153 1034 in
174 993 338 1048 Synodo

112 1059 306 1102 Brestano

457 254 574 314 186
1109 277 1353 316 εΡιΤοΜΕ

452 378 609 437 ferali
664 377 961 438 schismate
1011 379 1363 439 dimoverant
1403 380 1705 461 plerosque
1747 382 2028 462 Dynastas

453 501 518 538 ac
554 480 912 557 Sacerdotes,
945 503 1010 541 ac
1045 482 1304 542 futurum
1345 484 1739 560 confidebant,
1784 495 1849 544 ut
1888 506 2026 565 gens

451 591 568 640 tota
615 584 977 644 reduceretur
1033 587 1107 644 ad
1146 588 1415 645 Romanae
1447 588 1580 647 fidei
1630 590 1917 648 veritatem
1980 590 2028 648 si

451 667 625 746 unani
660 691 718 747 in
761 690 1056 770 Synodum
1094 690 1437 748 conveniret.'
1471 691 1537 748 Id
1582 711 1711 749 vero
1743 700 1808 749 ut
1837 691 2024 764 fieret,

449 789 770 850 laboratum
816 802 900 850 est
942 794 1016 850 ab
1064 793 1174 851 illis
1207 812 1427 850 summa
1471 794 1854 867 contentione,
1902 802 2023 848 tum

447 893 603 971 apud
635 915 924 952 summum
960 895 1291 954 Pontificem
1331 895 1674 954 Clementem
1708 897 1865 968 VIII,
1899 905 2023 952 tum

447 996 604 1073 apud
640 997 1034 1056 Ruthenorum
1064 1009 1119 1057 et
1146 998 1488 1056 Polonorum
1527 1000 1822 1056 antistites,
1860 999 2025 1056 Bres-

448 1097 583 1154 tiam
621 1110 815 1156 vocata
845 1100 1110 1179 Synodus
1147 1111 1260 1175 est,
1307 1102 1583 1180 oppidum
1619 1102 1865 1159 Poloniae
1911 1120 2026 1157 ma-

438 1203 578 1279 joris
634 1204 693 1260 in
752 1205 1003 1282 Cujavia.
1070 1204 1197 1262 Huc
1245 1203 1481 1283 profecti
1540 1204 1763 1276 Patres,
1831 1222 2022 1260 secum

445 1304 725 1382 plurimos
774 1308 1171 1366 Ruthenorum
1212 1308 1484 1387 praesules
1526 1318 1581 1366 et
1614 1307 1889 1386 parochos
1919 1305 2026 1363 ad-

447 1412 681 1471 duxere.
726 1411 1046 1470 Adfuerunt
1078 1413 1298 1471 Summi
1336 1411 1654 1485 PontificiS,
1700 1418 1756 1468 et
1793 1409 2027 1467 Latino-

443 1534 574 1572 rum
603 1517 855 1590 nomine,
887 1516 1206 1574 Demetrius
1241 1515 1613 1588 SoliecoviuS,
1647 1510 2029 1590 Leopoliensis

443 1613 914 1696 Archiepiscopus
962 1640 976 1676 τ
1028 1627 1152 1675 tum
1198 1616 1516 1676 Bernardus
1566 1614 2023 1687 Maczioviskius,

442 1727 637 1797 postea
690 1721 1030 1779 Gnesnensis
1068 1721 1329 1793 antistes,
1384 1728 1439 1777 et
1486 1720 1632 1777 inter
1681 1727 2032 1797 purpuratos

440 1822 633 1879 Patres
695 1821 942 1881 subinde
1004 1831 1327 1901 cooptatus,
1396 1820 1643 1899 denique
1707 1820 2028 1898 Stephanus

442 1924 896 1999 GomolinskiuS,
922 1925 1234 2005 Episcopus
1270 1923 1645 1983 Chelmensis.
1680 1924 1798 1981 Nec
1835 1922 2028 1982 defue-

441 2035 578 2084 runt
614 2028 783 2104 Regis
824 2027 1073 2085 Poloniae
1111 2027 1404 2101 Oratores,
1445 2048 1547 2104 per
1587 2045 1731 2104 quos
1765 2035 2026 2083 curatum

442 2138 507 2188 ut
546 2132 855 2190 necessaria
899 2131 1119 2211 synodo
1160 2151 1272 2209 pax
1315 2139 1371 2189 et
1407 2131 1675 2189 securitas
1720 2139 2020 2188 constaret.

440 2233 727 2293 Omnibus
763 2236 868 2293 rite
906 2234 1244 2313 comparatis
1287 2233 1566 2292 sancitum
1609 2242 1695 2290 est
1738 2233 2027 2289 communi

439 2355 718 2395 consensu
774 2338 1065 2415 negotium
1121 2336 1376 2408 unionis,
1439 2343 1495 2393 et
1555 2334 1710 2392 missi
1767 2333 2027 2393 Ecclesiae

437 2441 771 2499 Ruthenicae
791 2441 865 2498 ad
895 2441 1194 2499 Summum
1218 2438 1548 2496 Pontificem
1576 2437 1770 2515 legati,
1811 2436 2028 2515 Synodi

439 2545 668 2604 nomine
710 2545 897 2603 testati
935 2552 1097 2617 sunt,
1136 2541 1432 2600 Ruthenos
1461 2540 1721 2597 Graecum
1752 2540 1923 2595 ritum
1966 2539 2026 2596 in

439 2647 672 2705 Polonia
708 2657 765 2706 et
799 2647 1096 2704 Lithuania
1128 2654 1402 2705 sectantes
1438 2663 1563 2701 eam
1603 2662 1733 2699 cum
1768 2642 2024 2700 Romana

438 2749 682 2807 Ecclesia
713 2748 1070 2807 concordiam
1104 2747 1387 2826 profiteri,
1423 2765 1552 2823 quae
1574 2743 1708 2801 olim
1742 2744 1888 2802 inter
1918 2745 2023 2803 Oc-

440 2851 775 2910 cidentalem
800 2861 855 2908 et
884 2850 1225 2918 Orientalem
1256 2848 1557 2907 Ecclesiam
1583 2846 1837 2923 vigebat,
1872 2867 2025 2924 quae·

439 2974 552 3032 que
590 2953 804 3012 Isidoro
844 2951 1271 3026 Ruthenorum,
1311 2961 1367 3009 et
1396 2950 1720 3008 Bessarione
1760 2949 2022 3022 NicaenO,

167 3051 190 3074 ³*
214 3053 408 3095 anii
441 3054 890 3133 Archiepiscopis
923 3054 1328 3131 adjuvantibus
1375 3063 1640 3111 renovata
1675 3053 1733 3110 in
1772 3050 2026 3111 Concilio

103 3119 260 3159 annal.
297 3122 328 3160 t.
359 3118 400 3161 7.

102 3183 163 3224 ad
181 3184 352 3226 calcem.

442 3158 764 3218 Florentino
787 3157 990 3216 fuerat.
1027 3155 1053 3182 ''‘
