2147 3489
353 174 471 235 306
1015 189 1258 228 EPITOME

354 296 736 354 TaurinensiS.
764 293 931 351 Hunc
959 294 1182 351 inter‘et
1213 291 1550 351 Calvinianae
1574 291 1779 351 scholae
1807 312 1932 350 ma-

353 401 592 478 gistrum
639 398 851 455 famosa
895 396 1108 454 exstitit
1145 397 1509 469 concertatio,
1557 404 1757 472 quarto
1798 393 1936 451 Idus

354 503 611 573 Martias,
671 502 728 557 in
791 500 1004 577 patenti
1055 506 1250 575 pratO,
1313 499 1445 574 quia
1513 495 1934 554 multitudinem

358 603 648 683 spectandi
691 612 747 660 et
796 601 1059 659 audiendi
1106 599 1292 658 studio
1337 598 1588 675 undique
1631 597 1936 654 adductam

356 708 513 766 nulla
557 706 794 784 templa,
840 704 1042 782 plateae
1085 702 1257 758 nullae
1296 700 1676 757 continebant.
1719 699 1936 756 Novem

357 813 509 870 horis
533 821 848 889 pugnatum
879 817 983 865 est.
1019 805 1174 866 Nihil
1200 804 1446 882 superbo
1472 803 1685 860 doctori
1715 800 1939 879 profue-

357 924 492 972 runt
543 913 704 972 solita
767 911 1004 987 effugia,
1073 930 1202 967 cum
1258 908 1443 965 omnia
1502 910 1622 983 ejus
1671 923 1939 982 responsa

358 1018 565 1095 scripto
604 1015 927 1092 consignata
965 1022 1311 1084 tenerentur,
1353 1010 1494 1067 nihil
1528 1010 1693 1065 minae
1728 1008 1941 1086 quibus

362 1120 700 1179 catholicum
751 1117 1078 1194 theologum
1122 1136 1153 1172 a
1197 1135 1254 1173 se
1298 1126 1360 1171 ut
1403 1114 1575 1192 pilam
1610 1112 1942 1190 jactandum

361 1222 742 1302 praedicabat,
791 1220 932 1276 nihil
973 1219 1223 1292 codices,
1267 1219 1479 1296 quibus
1522 1226 1787 1274 onustum
1826 1234 1944 1293 prae

362 1345 421 1384 se
458 1325 679 1406 mulum
718 1333 938 1401 egerat,
972 1323 1153 1380 victus
1191 1342 1291 1379 sua
1328 1331 1383 1378 et
1426 1321 1679 1377 omnium
1723 1315 1946 1375 confes-

362 1428 517 1486 sione
549 1426 831 1499 discessit,
866 1425 1145 1502 multique
1180 1434 1308 1481 ante
1336 1424 1504 1480 finem
1538 1442 1744 1500 pugnae
1775 1421 1848 1477 ab
1879 1437 1946 1476 eo

362 1538 418 1586 et
474 1530 730 1585 universa
780 1527 996 1584 Calvini
1050 1526 1273 1597 schola,
1321 1526 1697 1583 desciverunt.
1758 1523 1945 1598 Hujus

362 1631 608 1687 victoriae
640 1630 827 1685 statim
858 1628 1076 1683 fructus
1106 1625 1368 1701 apparuit
1390 1624 1583 1680 multis
1605 1625 1664 1679 in
1687 1623 1943 1699 oppidis,

366 1731 519 1789 unde
540 1729 891 1806 trigesimum
907 1730 1026 1804 jam
1051 1746 1262 1782 annum
1287 1725 1481 1802 religio
1506 1712 1633 1782 vera
1656 1722 1943 1781 exulabat.

530 1833 836 1891 Omisimus
873 1849 1020 1887 anno
1063 1849 1179 1886 Mne
1216 1829 1429 1899 virum,
1473 1827 1774 1905 praecipuae
1803 1825 1950 1881 inter

366 1936 556 1995 Gallos
579 1934 911 2006 nobilitatis,
938 1933 1038 2010 qui
1074 1951 1176 2009 pro
1209 1931 1440 1990 Calvino
1462 1932 1623 1989 annis
1646 1930 1871 2006 triginta
1894 1936 1952 1985 et

365 2039 613 2117 amplius
658 2046 887 2096 steterat
919 2035 1249 2113 Philippum
1299 2034 1571 2091 Canaium
1619 2052 1648 2088 a
1686 2031 1946 2088 Fraxino.

367 2140 706 2200 Interfuerat
727 2140 926 2198 eodem
950 2157 1098 2195 anno
1121 2157 1272 2210 Mne,
1307 2135 1464 2213 quasi
1497 2133 1743 2211 partium
1775 2129 1953 2189 Calvi-

368 2246 662 2302 nianarum
720 2251 873 2300 actor
918 2240 1252 2320 primarius,
1301 2237 1582 2314 colloquio
1641 2233 1845 2291 celebri
1898 2239 1954 2289 et

372 2347 798 2419 concertationi,
831 2347 888 2401 in
920 2364 1032 2421 qua
1060 2342 1384 2412 Perronius,
1418 2336 1770 2395 Ebroicensis
1802 2334 1956 2411 Epis-

374 2470 581 2528 copus,
626 2458 820 2527 postea
864 2444 1210 2517 Cardinalis,
1262 2439 1952 2507 Plessaeum—Mornaeum,

376 2551 664 2608 doctorem
710 2549 1069 2608 Calvinistam
1127 2547 1267 2603 adeo
1317 2544 1462 2602 male
1520 2549 1835 2619 acceperat,
1892 2546 1957 2594 ut

375 2652 632 2730 plerique
675 2671 705 2707 a
750 2651 979 2707 Calvino
1022 2649 1207 2726 palam
1251 2647 1575 2704 deficerent.
1630 2644 1693 2700 In
1741 2643 1807 2698 iis
1849 2640 1958 2697 fuit

380 2755 655 2827 Canaius,
707 2772 888 2830 eoque
946 2754 1172 2809 nomine
1221 2752 1328 2828 ipsi
1386 2749 1643 2806 Clemens
1701 2742 1958 2801 Pontifex

379 2856 738 2934 amplissimis
766 2854 964 2912 litteris
994 2853 1307 2932 gratulatus
1329 2859 1434 2909 est.
1464 2847 1739 2906 Eumdem
1763 2855 1957 2923 postea

381 2957 658 3015 Henricus
699 2956 771 3013 IV
818 2955 892 3013 ad
931 2956 1169 3013 Venetos
1215 2956 1503 3011 Oratorem
1559 2971 1724 3008 suum
1769 2949 1955 3022 misit,

382 3058 625 3117 hominis
666 3058 839 3116 fidem
881 3079 945 3115 ac
981 3057 1337 3135 prudentiam
1379 3058 1438 3113 in
1474 3054 1704 3132 Anglica
1742 3062 1798 3110 et
1826 3052 1960 3109 Ger-

387 3162 604 3219 manica
652 3161 957 3238 legatione,
1012 3159 1247 3236 aliisque
1301 3157 1639 3236 gravissimis
1687 3153 1954 3231 negotiis,
