2147 3489
432 163 706 200 msromffi
747 159 1068 199 SOCIETATIS
1112 163 1238 200 Jsssu
1251 188 1262 198 .
1514 142 1637 201 295

235 266 422 343 Longe
454 265 811 323 illustriorem
845 264 915 322 de
945 264 1143 322 Cunali
1180 265 1462 347 victoriam
1494 285 1639 324 anno

76 367 360 444 superiore
402 366 570 424 iidem
615 365 859 423 Lusitani
911 365 1250 439 retulerant,
1298 370 1457 443 cujus
1497 367 1641 426 fruc-

76 478 168 526 tus
217 469 274 524 in
319 469 470 526 hunc
512 477 568 525 et
618 477 1022 545 consequentes
1064 488 1237 526 annos
1280 468 1637 527 redundavit.

75 568 330 641 Cunalis,
378 569 753 646 Archipirata,
794 569 1116 626 Malabarici
1148 571 1313 627 maris
1342 572 1639 647 imperium

75 669 362 745 quoddam
420 669 690 747 adeptus,
746 671 962 747 regium
1016 671 1121 729 sibi
1174 691 1379 728 nomen
1427 690 1645 748 arroga-

74 781 256 843 verat,
309 771 449 828 adeo
509 782 573 828 ut
631 772 849 849 absque
910 773 1061 831 illius
1112 782 1253 830 nutu
1314 782 1645 831 mercatores

75 874 419 930 committere
469 891 526 930 56
579 874 716 929 mari
766 893 880 930 non
933 874 1224 931 auderent.
1278 875 1426 946 Quin
1476 875 1644 932 etiam

75 971 388 1043 laureatus,
421 973 630 1031 litteras
673 995 800 1031 cum
837 974 1032 1051 legatis
1073 975 1144 1031 ad
1183 976 1362 1052 Reges
1400 985 1455 1032 et
1492 975 1645 1031 Prin-

76 1073 225 1150 cipes
268 1074 719 1148 Mahometanos,
765 1077 1069 1154 ipsumque
1113 1078 1422 1134 Turcarum
1467 1077 1646 1154 Impe-

72 1184 312 1233 ratorem
359 1178 611 1248 miserat,
654 1178 991 1235 exstinctum
1035 1198 1065 1235 a
1113 1198 1171 1236 56
1212 1178 1542 1236 Lusitanum
1586 1179 1645 1234 in

75 1274 234 1333 India
275 1286 331 1334 et
373 1277 815 1336 Christianorum
852 1299 1059 1337 nomen
1094 1283 1326 1356 jactans.
1369 1280 1478 1337 Diu
1516 1298 1645 1336 cum

71 1377 169 1435 illo
214 1380 568 1437 conflictatus
611 1381 838 1458 ancipiti
886 1381 1040 1438 bello
1082 1383 1443 1454 Zamorinus,
1493 1381 1647 1439 Cale-

74 1482 188 1537 cuti
236 1483 383 1555 Rex,
431 1483 725 1560 implorata
777 1484 1006 1540 demum
1061 1483 1454 1541 Lusitanorum
1506 1501 1645 1560 ope,

71 1582 398 1659 improbum
428 1584 768 1660 profligavit.
814 1585 1009 1642 Victus
1039 1595 1094 1642 et
1124 1586 1300 1642 Goam
1337 1583 1648 1661 perductus

73 1685 297 1742 meritas
329 1694 583 1742 truncato
620 1686 798 1762 capite
841 1704 1034 1762 poenas
1077 1684 1254 1741 dedit.
1308 1684 1486 1740 Vitam
1530 1683 1648 1740 feli—

78 1785 211 1842 ciori
245 1785 358 1843 fine
388 1785 710 1844 clauserunt
748 1787 963 1864 aliquot
1000 1790 1119 1864 ejus
1158 1787 1386 1844 comites
1416 1806 1447 1842 a
1475 1786 1649 1843 Patri·

73 1886 186 1945 bus
235 1888 475 1945 instituti
532 1897 588 1945 et
643 1889 959 1966 baptismO,
1028 1889 1357 1965 priusquam
1411 1887 1483 1944 de
1539 1886 1649 1944 illis

76 1991 416 2068 supplicium
448 2001 791 2064 sumeretur,
833 1991 1058 2068 expiati.
1103 1990 1369 2062 Quamvis
1401 1988 1650 2046 Calecuti

74 2091 453 2168 pulcherrime
496 2102 665 2150 staret
708 2092 982 2164 Societas,
1026 2090 1283 2148 nondum
1326 2099 1512 2148 tamen
1555 2110 1650 2148 re-

77 2191 256 2249 dierat
311 2195 615 2252 necessaria
681 2197 800 2271 ejus
861 2193 1177 2251 ministeriis
1234 2191 1646 2269 tranquillitaS,

79 2295 351 2371 quamdiu
400 2296 618 2353 bellum
673 2295 942 2354 Cunalem
996 2296 1139 2352 inter
1189 2304 1244 2352 et
1287 2295 1650 2351 Zamoriuum

76 2396 429 2472 flagraverat.
466 2397 542 2453 Eo
573 2398 801 2453 demum
835 2396 1117 2468 confectO,
1145 2397 1257 2453 huc
1280 2396 1468 2454 Patres
1497 2397 1653 2453 incu-

77 2498 328 2555 buerunt
365 2508 428 2555 ut
463 2509 740 2557 sectarum
784 2498 1247 2555 Malabaricarum
1291 2518 1489 2554 arcana
1530 2517 1653 2574 per-

83 2598 358 2656 discerent
422 2622 433 2656 :
496 2621 736 2677 quarum
804 2602 1042 2677 ineptias
1099 2602 1174 2657 ita
1234 2610 1512 2659 scrutatus
1571 2609 1656 2657 est

81 2699 147 2756 P.
189 2699 435 2758 Jacobus
472 2702 757 2776 Fenicius,
799 2712 863 2759 ut
898 2702 1023 2760 illos
1062 2703 1259 2760 mediis
1296 2703 1354 2758 in
1399 2701 1655 2778 compitis

84 2798 392 2874 refelleret,
439 2811 697 2879 stupente
745 2803 990 2881 popuIO,
1045 2814 1100 2861 et
1149 2799 1508 2861 Brachmanis
1553 2824 1657 2880 pu-

88 2900 283 2957 dorem
314 2902 702 2981 inscitiamque
740 2905 956 2963 silentio
987 2905 1316 2964 fatentibus.
1359 2905 1468 2962 Sed
1499 2904 1657 2962 nullo

87 3014 278 3062 contra
315 3005 570 3064 doctores
606 3008 892 3086 imperitos
933 3008 1042 3065 telo
1079 3007 1294 3064 felicius
1331 3006 1653 3084 pugnabat,

86 3125 257 3183 quam
301 3107 579 3182 Deorum,
625 3129 769 3186 quos
799 3110 1090 3183 colebant,
1129 3110 1356 3188 flagitiis
1400 3108 1657 3169 demons-

1760 277 1936 320 Calecuti

1677 342 1854 385 Societas
1894 349 1974 386 sta-

1678 406 1804 450 bilita.
