2282 3489
429 163 700 200 msTomffi
741 160 1058 200 SOCIETATIS
1101 166 1250 204 snsu.
1541 146 1619 204 27

75 263 255 322 solum
298 267 537 344 benigne
569 266 799 337 annuit,
843 284 1035 321 verum
1071 267 1236 322 etiam
1277 267 1463 324 locum
1505 269 1625 346 ipse

75 364 280 444 delegit
335 369 806 439 amoenissimum7
860 376 914 424 et
956 387 988 423 a
1038 366 1231 424 multis
1271 368 1626 444 Principibus

71 469 229 539 viris7
274 471 370 546 qui
406 489 604 526 novam
646 469 845 526 urbem
887 468 1238 544 fiequentare
1280 469 1622 544 gestiebant,

71 571 406 645 expetitum.
452 581 627 648 utque
673 572 856 628 statim
907 571 1206 627 aedificium
1249 571 1623 643 inchoaretur,

63 672 250 744 jussit.
288 673 433 742 Quin
457 674 620 728 etiam
652 671 869 728 addidit
900 672 1144 748 Collegio
1176 673 1541 728 Seminarium
1570 673 1628 726 in

71 789 183 846 quo
211 773 368 847 pueri
400 773 616 830 nobiles
647 774 716 829 ad
741 775 998 849 pietatem
1025 795 1088 830 ac
1117 774 1326 830 litteras
1356 771 1629 828 informa-

68 879 281 928 rentur.
318 873 459 929 Cum
488 874 550 929 P.
581 874 918 950 Valignanus
948 876 1199 951 ingentes
1229 894 1331 952 pro
1360 884 1474 930 tam
1508 875 1629 930 inu-

67 971 224 1029 sitata
269 973 612 1051 benignitate
641 977 844 1052 gratias
879 986 1100 1053 ageret.
1141 976 1212 1032 ab
1249 995 1313 1032 eo
1352 975 1629 1032 deductus

66 1082 149 1130 est
189 1074 260 1130 ad
312 1077 593 1133 visendam
644 1078 1044 1154 Anzuquiamae
1088 1098 1271 1135 arcem
1315 1087 1369 1133 et
1420 1077 1628 1153 regiam

69 1173 319 1232 domum.
376 1178 694 1236 Discedenti
749 1179 977 1236 donavit
1035 1179 1341 1256 Imperator
1386 1177 1629 1234 aulaeum

68 1281 250 1355 operis
305 1282 593 1356 exquisiti.
654 1283 710 1338 in
757 1302 870 1358 quo
926 1290 1042 1338 tota
1085 1279 1381 1336 videbatur
1439 1277 1630 1335 Anzu-

67 1381 322 1456 quiama.
369 1383 515 1458 picta
551 1382 876 1459 phrygionis
919 1381 1207 1438 excellenti
1254 1399 1444 1434 manu,
1492 1379 1630 1433 Per-

68 1492 291 1557 spectus
334 1483 702 1558 Nobunangae
742 1485 802 1539 in
837 1483 1164 1539 Societatem
1195 1481 1350 1536 sator
1380 1478 1631 1535 nonnul-

67 1584 250 1640 lorum
313 1584 677 1662 dynastarum
741 1586 955 1643 animos
1024 1584 1189 1641 uobis
1251 1582 1481 1640 infestos
1536 1590 1633 1637 aut

66 1685 261 1763 fregit,
327 1696 425 1743 aut
482 1688 773 1764 mitigavit.
843 1687 952 1744 Sed
1008 1696 1296 1765 perspecta
1349 1685 1630 1762 religionis

71 1789 330 1844 sanctitas
352 1788 592 1865 perculit
624 1791 851 1845 omnino
884 1809 948 1846 ac
972 1790 1123 1859 vicit.
1150 1808 1262 1844 non
1296 1788 1412 1844 sine
1434 1806 1634 1862 magna

69 1889 266 1966 populi
297 1889 692 1963 admiratione7
726 1892 1036 1969 principem
1060 1891 1389 1947 Bonziorum
1409 1934 1423 1960 7
1456 1899 1511 1946 et
1542 1889 1634 1945 Sa-

70 2009 291 2047 crorum
350 1990 696 2064 Antistitem7
760 2013 930 2069 quam
992 1992 1318 2069 dignitatem
1369 1992 1631 2068 Fuynum

67 2102 300 2164 vocant3
369 2113 432 2150 ea
482 2102 671 2150 nostro
731 2092 1247 2170 Archiepiscopatui
1304 2092 1626 2169 respondet.

68 2195 198 2251 Erat
230 2194 361 2251 olim
406 2196 509 2252 iste
549 2196 780 2273 Fuynus
821 2196 1049 2272 Reginae
1093 2195 1272 2271 Bungi
1302 2203 1358 2251 et
1387 2193 1633 2250 filiorum

68 2301 189 2375 ejus
244 2298 528 2374 magister,
579 2317 647 2355 ac
693 2298 905 2354 rituum
961 2297 1248 2374 Japonicae
1297 2295 1632 2352 Idololatriae

70 2399 417 2471 moderator3
455 2399 559 2458 hac
589 2411 706 2458 arte
741 2401 1014 2477 congestis
1051 2400 1256 2477 opibus
1281 2398 1459 2469 dives7
1485 2397 1632 2453 fama

72 2520 301 2578 quoque
333 2502 647 2579 prudentiae
686 2502 1067 2579 doctrinaeque
1105 2501 1627 2560 commendabatur.

74 2600 161 2658 Ad
185 2621 404 2659 sacrum
435 2603 704 2661 accedens
733 2603 942 2661 fontem
969 2605 1202 2685 insignia
1224 2603 1472 2681 profanae
1495 2622 1635 2680 prae-

73 2701 300 2760 fecturae
323 2705 582 2782 deposuit
599 2750 612 2777 a
639 2726 702 2762 ac
725 2707 893 2763 vitam
919 2706 1180 2785 deinceps
1206 2707 1430 2763 homine
1454 2706 1635 2763 Chris-

75 2806 222 2862 tiano
253 2806 477 2883 dignam
518 2808 776 2865 instituit.
825 2808 887 2864 In
918 2809 1104 2886 ampla
1134 2808 1304 2880 valle,
1345 2828 1514 2884 quam
1548 2806 1636 2862 Yu

77 2907 393 2980 nominant,
425 2909 650 2986 regulus
673 2910 787 2966 duo
811 2911 980 2967 millia
1006 2931 1234 2969 suorum
1258 2911 1330 2968 ad
1354 2911 1634 2968 Christum

78 3010 260 3065 traxit.
302 2992 444 3067 Huic
482 3012 612 3068 valli
654 3023 763 3072 tres
798 3014 890 3071 alii
935 3016 1187 3093 dynastae
1216 3013 1629 3092 imperitabant.

80 3112 164 3168 Ad
216 3132 307 3169 eos
359 3114 713 3177 Franciscus.
768 3119 882 3175 Rex
932 3119 1108 3191 Bungi
1162 3118 1372 3174 senior.
1429 3114 1636 3170 litteras
