2282 3489
478 169 752 208 ms‘romffi
794 168 1111 207 soclss‘rA'ms
1153 172 1306 211 JESU.
1638 153 1674 210 9

123 273 473 350 praeferebat.
501 273 536 329 J
539 291 702 330 ussus
731 292 852 329 earn
883 272 1122 348 abjicere
1150 295 1161 329 :
1189 273 1360 333 Miles
1387 274 1682 353 Crucifioei

122 394 257 430 sum
269 418 289 444 2
313 373 628 452 respondit,
656 371 845 429 Ducis
872 377 992 429 mei
1016 373 1298 430 veoez‘llum
1329 376 1411 431 ad
1434 388 1679 434 mortem

122 497 304 553 usque
331 497 448 533 ‘non
479 476 761 531 deseram.
797 474 1037 532 Extorsit
1064 476 1270 547 invitO,
1305 485 1360 532 et
1389 476 1682 534 reluctanti

122 579 307 635 nescio
337 579 462 653 quis
493 597 559 634 ex
596 576 897 652 impiorum
933 595 1098 652 grege
1128 597 1138 631 :
1180 576 1268 632 cui
1297 576 1459 632 Pater
1488 598 1497 631 :
1524 587 1684 652 potes

122 699 151 735 e
179 679 461 735 manibus
489 687 831 753 extorquere
868 697 1100 734 crucem
1115 699 1142 746 ;
1172 698 1199 733 e
1228 678 1395 734 corde
1429 698 1546 734 non
1571 698 1684 755 po-

124 788 230 848 tes;
259 780 351 835 ibo
365 823 385 850 ,
425 789 479 835 ec
508 800 624 856 pro
663 799 721 835 eo
748 781 1104 856 sanquinem
1128 778 1540 854 profundam,
1578 781 1690 855 qui

110 901 228 958 pro
256 902 345 938 me
382 872 738 959 sanquinem
779 884 847 936 in
883 899 1057 936 cruce
1080 880 1386 956 profudit.
1430 880 1686 936 Proxime

119 983 403 1041 tollendus
441 984 499 1039 in
539 981 894 1059 patibulum,
935 1000 993 1038 se
1025 981 1225 1038 vixisse
1264 980 1595 1037 catholicum
1633 989 1688 1036 et

121 1087 298 1159 mori,
331 1085 681 1163 praedicavit3
714 1083 971 1160 imposita
996 1083 1394 1160 perduellionis
1423 1092 1477 1141 et
1502 1083 1689 1160 prodi-

121 1189 287 1245 tionis
332 1188 561 1243 crimina
605 1186 927 1262 pernegavit
970 1208 981 1241 :
1027 1185 1369 1243 instantibus
1420 1195 1484 1242 ut
1529 1203 1687 1241 suam

124 1289 195 1346 de
224 1289 303 1344 Pii
329 1289 374 1344 V
406 1287 783 1344 Elisabetham
815 1286 1164 1344 anathemate
1194 1286 1438 1344 ferientis
1467 1285 1689 1342 decreto

128 1390 458 1447 sententiam
488 1388 809 1465 explicaret,
836 1388 1126 1462 respondit
1156 1405 1213 1442 se
1235 1388 1306 1442 de
1334 1387 1431 1442 illo
1461 1381 1686 1456 sentire,

127 1490 281 1566 quod
316 1489 571 1546 catholici
595 1506 786 1544 omnes
817 1486 1135 1558 crederent,
1165 1485 1319 1563 quod
1348 1486 1690 1544 credendum

124 1590 365 1649 Ecclesia
409 1590 653 1647 doceret.
689 1588 929 1646 AEtatem
967 1589 1206 1666 primam
1235 1598 1422 1665 egerat
1455 1590 1513 1644 in
1535 1588 1691 1646 Rhe-

125 1694 305 1750 mensi
342 1691 649 1769 Anglorum
695 1690 925 1766 collegio
964 1712 975 1746 :
1023 1690 1156 1746 inde
1198 1699 1326 1766 post
1368 1709 1550 1747 sacros
1592 1689 1692 1745 Or-

128 1793 286 1851 dines
349 1802 634 1870 susceptos
692 1793 749 1848 in
801 1790 1057 1867 Angliam
1105 1790 1397 1861 dimissus,
1452 1788 1693 1864 explevit

127 1896 357 1953 biennio
387 1905 572 1973 partes
603 1912 794 1951 omnes
826 1892 1076 1969 Operarii
1100 1891 1413 1967 diligentis,
1446 1899 1500 1946 et
1528 1888 1694 1944 labo-

126 2002 277 2057 riosi.
323 2001 464 2056 Cum
497 2008 683 2054 autem
714 1997 942 2071 Reginae
967 1993 1229 2050 satellites
1255 1991 1429 2068 Aprili
1460 1998 1696 2047 exeunte

123 2101 454 2177 irrupissent
475 2100 533 2154 in
557 2095 922 2153 diversorium
948 2113 1060 2170 quo
1090 2094 1154 2149 P.
1189 2092 1472 2154 Robertus
1506 2091 1696 2147 Perso-

125 2203 252 2259 nius
283 2200 570 2271 utebatur,
605 2218 785 2274 eoque
813 2215 925 2252 non
957 2204 1209 2272 reperto,
1250 2195 1456 2251 vicinas
1488 2202 1696 2251 scruta·

129 2311 323 2360 rentur
375 2301 601 2370 domos,
650 2299 970 2369 Briantum,
1024 2317 1193 2373 quem
1237 2296 1591 2353 Sacerdotem
1641 2302 1697 2351 et

130 2405 380 2462 Personii
415 2402 743 2458 familiarem
786 2400 932 2456 fama
967 2399 1253 2476 jactabat,
1302 2398 1590 2454 abduxere
1632 2416 1695 2453 ac

132 2515 345 2584 septem
402 2505 460 2560 in
510 2504 631 2580 ipso
683 2500 998 2578 torquendo
1048 2519 1267 2557 menses
1320 2498 1692 2570 collocarunt,

131 2610 397 2666 nimirum
420 2606 492 2663 ab
515 2607 743 2661 ineunte
766 2603 943 2675 Maio,
976 2621 1158 2678 usque
1194 2600 1266 2657 ad
1298 2599 1569 2658 Calendas
1594 2599 1698 2655 De-

132 2709 414 2781 cembres,
461 2725 602 2783 quas
645 2704 814 2763 simul
864 2724 993 2761 cum
1042 2703 1107 2760 P.
1162 2702 1466 2779 Campiano
1509 2699 1697 2756 laurea

135 2811 388 2887 gloriosae
412 2810 604 2866 mortis
632 2807 950 2865 illustravit.

300 2913 669 2989 Campianum
705 2908 904 2986 Anglia
937 2909 995 2963 in
1037 2905 1221 2963 lucem
1263 2903 1516 2962 ediderat
1546 2901 1696 2958 Lon·
1761 2910 2031 2982 stimmarium

136 3012 253 3069 dini
284 3033 295 3067 :
330 3013 636 3090 disciplinis
666 3010 1016 3088 gravioribus
1050 3008 1331 3064 imbuerat
1367 3002 1696 3062 Oxoniensis
1734 2976 2029 3093 {ngffipznsdn

136 3114 446 3185 academia3
486 3123 685 3172 natura
725 3112 857 3170 felix
899 3111 969 3169 ad
1012 3108 1388 3186 eloquentiam
1430 3113 1486 3161 et
1521 3104 1697 3160 bonas
