2282 3489
279 1859 300 1880 '⁵
322 1872 442 1901 anno
471 1860 577 1900 1585

277 1936 420 1966 ‘mense
441 1926 575 1966 Mart.

279 2063 300 2082 *
319 2063 437 2103 Hist.
486 2062 578 2104 Soc.

277 2140 326 2179 p.
346 2127 399 2169 V.
420 2132 517 2167 tom.
536 2129 576 2168 2.

280 2193 352 2234 lib.
367 2193 435 2234 24.
450 2205 496 2233 η.
510 2193 577 2233 21.

344 2373 580 2413 Edmundus

280 2437 486 2477 Donaldus
528 2437 579 2478 ob

279 2500 400 2542 fidem
451 2502 580 2543 inter-

280 2564 425 2609 fectus.

620 191 694 249 12
1274 214 1519 251 EPITOME

614 327 733 388 est3
784 316 942 374 nullo
979 316 1174 376 solatio
1216 328 1533 392 recreatus7
1575 320 1679 378 nisi
1717 320 1871 397 quod
1913 321 2019 398 ipsi
2057 341 2184 398 pro-

614 418 783 476 brosa
845 439 994 478 mors
1054 421 1318 477 obeunda
1368 440 1470 497 pro
1521 422 1823 498 religione7
1880 423 2189 480 identidem

615 519 1088 592 denuntiabatur3
1138 541 1251 598 quo
1297 524 1495 580 nuntio
1539 527 1894 599 reviviscere,
1943 546 2007 582 ac
2045 526 2188 583 vires

613 640 787 680 novas
830 643 1159 700 recuperare
1203 625 1568 683 sentiebatur.
1617 628 1843 686 Interim
1883 630 2192 687 elementiae

617 722 841 781 laudem
874 725 1144 801 appetivit
1173 725 1532 799 Elisabetha3
1574 749 1673 786 seu
1703 733 1891 807 potius
1920 731 2190 787 invidiam

614 845 645 882 e
666 835 749 881 tot
773 827 1018 883 virorum
1043 829 1387 904 optimorum
1412 832 1704 907 sanguine.
1726 841 1841 888 tam
1866 832 2189 903 crudeliter,

615 935 728 982 tam
751 927 944 1004 inique
965 927 1123 1002 fuso³
1152 929 1212 985 in
1233 949 1291 987 se
1314 931 1548 988 conflari
1571 943 1836 1010 coeptam,
1863 933 2085 1011 placare
2107 952 2194 989 co-

612 1029 825 1105 gitavit.
868 1030 1231 1108 Septuaginta
1265 1041 1377 1091 tres
1416 1034 1584 1112 deligi
1622 1057 1689 1093 ex
1732 1057 1927 1094 eorum
1957 1054 2193 1093 numero

614 1131 713 1207 qui
759 1132 1098 1190 tenebantur
1144 1135 1202 1190 in
1237 1136 1476 1193 vinculis
1505 1139 1705 1212 jussit,
1749 1139 1961 1215 quibus
2001 1139 2194 1214 ingen-

612 1233 684 1290 tis
743 1233 1002 1292 beneficii
1072 1235 1195 1293 loeo
1257 1237 1487 1294 donavit
1547 1238 1813 1312 exilium,
1892 1249 2193 1316 postquam

612 1335 900 1393 meliorem
943 1337 1053 1394 illis
1098 1358 1162 1394 ac
1203 1342 1470 1415 majorem
1510 1341 1637 1397 vitae
1672 1350 1888 1419 partem
1923 1341 2195 1399 sexcentis

612 1440 954 1497 cruciatibus
997 1441 1364 1499 abstulisset:
1412 1453 1474 1500 ut
1519 1463 1630 1501 non
1677 1464 1935 1502 concessa
1979 1444 2195 1502 miseris

609 1541 755 1614 vita,
792 1542 890 1599 sed
921 1553 1110 1621 erepta
1135 1545 1416 1621 generosis
1447 1545 1775 1604 hominibus
1799 1547 1991 1604 mortis
2021 1546 2197 1623 gloria

611 1644 813 1701 merito
858 1657 1198 1704 censeretur.
1249 1647 1313 1703 In
1357 1669 1553 1707 eorum
1604 1670 1906 1707 numerum
1949 1650 2195 1707 Joannes

613 1744 827 1804 Hartus
868 1749 1062 1804 sortito
1099 1750 1283 1821 venit3
1327 1761 1620 1829 cooptatus
1669 1752 1874 1809 deinde
1914 1754 1972 1809 in
2004 1753 2187 1810 Socie-

616 1856 817 1922 tatem,
845 1850 871 1876 *
900 1852 1135 1909 Romam
1161 1854 1321 1930 petiit
1339 1899 1352 1926 a
1381 1856 1533 1912 unde
1555 1854 1924 1912 Jaroslaviam
1955 1855 2192 1926 missu5‚

614 1950 674 2006 in
704 1970 767 2007 ea
803 1953 946 2009 urbe
976 1955 1049 2011 ad
1081 1957 1311 2032 praemia
1341 1956 1605 2014 laborum
1642 1966 1904 2014 evocatus
1937 1966 2021 2014 est
2048 1974 2195 2012 anno

617 2074 972 2114 MDLXXXVII.
1014 2058 1263 2116 Cadaver
1298 2069 1511 2135 septem
1548 2069 1678 2135 post
1718 2060 1877 2115 annis
1910 2068 2196 2135 repertum

618 2166 701 2214 est
722 2159 1003 2236 integrum
1025 2204 1039 2233 .,
1066 2181 1129 2216 ae
1153 2160 1325 2217 veluti
1350 2161 1603 2237 proxime
1626 2160 1736 2215 vita
1760 2159 2082 2236 spoliatum.
2117 2157 2146 2183 *

786 2261 1034 2318 Pertinet
1057 2260 1128 2316 ad
1151 2261 1305 2318 hunc
1334 2271 1431 2318 aut
1462 2262 1806 2339 superiorem
1832 2281 2043 2317 annum
2075 2259 2196 2316 obi-

616 2372 708 2421 tus
748 2363 812 2419 P.
861 2362 1148 2419 Edmundi
1192 2364 1394 2420 Donati
1432 2363 1778 2441 (Donaldum
1832 2363 1925 2419 alii
1969 2361 2192 2439 vocant)

617 2466 716 2542 qui
750 2485 781 2521 a
823 2465 1089 2542 Gregorio
1125 2465 1257 2521 XIII
1297 2467 1498 2523 missus
1537 2467 1592 2522 in
1636 2466 1964 2523 Hiberniam
1989 2510 2003 2538 a
2047 2473 2102 2520 et
2136 2465 2195 2520 in

596 2570 870 2645 ingressu
926 2569 1049 2646 ipso
1101 2567 1518 2646 deprehensus7
1572 2570 1906 2628 Limerieum
1970 2569 2190 2646 primo,

619 2674 823 2731 deinde
859 2674 1180 2750 Corcagiam
1227 2673 1512 2730 abductus
1534 2718 1548 2745 ‚
1587 2673 1832 2749 denique
1862 2680 1989 2749 post
2019 2671 2196 2728 usita-

617 2785 702 2833 tas
736 2777 1063 2852 quaestionis
1087 2775 1403 2832 durissimae
1425 2774 1776 2852 prolusiones
1795 2819 1809 2845 a
1836 2773 1977 2829 mori
1999 2775 2192 2848 jussus

617 2890 702 2937 est
754 2880 829 2936 ob
880 2899 972 2937 eas
1023 2889 1133 2936 tres
1185 2898 1410 2949 causas,
1449 2897 1694 2954 nempe:
1744 2876 1908 2948 Quod
1946 2875 2004 2929 in
2039 2873 2193 2930 Fidei

619 2981 907 3038 catholicae
959 2982 1032 3038 ab
1084 2981 1407 3039 Elisabetha
1465 2980 1791 3056 proscriptae
1848 2976 2194 3034 confessione

617 3093 1029 3160 perseverarem
1077 3083 1233 3160 quod
1277 3084 1336 3139 in
1367 3080 1624 3158 Angliam
1669 3081 1909 3137 venisset
1939 3077 2191 3155 ejusdem

619 3185 996 3261 praedicandae
1059 3206 1123 3244 ac
1181 3184 1561 3264 propagandae
1629 3181 1849 3253 studi03
1911 3189 2193 3258 postremo
