2147 3489
110 1968 133 1990 *
157 1968 266 2011 Vide
294 1970 413 2023 apud

110 2033 276 2089 Labbe,
310 2038 409 2076 tom.

108 2100 215 2142 XV.
247 2113 352 2155 pay.

110 2166 238 2209 1471.

191 2807 333 2850 Obitus

108 2873 226 2916 Card.
258 2872 406 2916 Toleti.

113 3019 132 3038 ’⁴
164 3019 277 3060 Illas
316 3022 411 3062 vide

109 3084 223 3125 Hz'st.
249 3085 337 3126 Soc.
361 3098 407 3138 p.

117 3148 173 3189 V.
204 3151 277 3191 lib,
300 3151 409 3206 XV,

112 3223 185 3254 ηρ
203 3216 272 3257 60.

452 200 577 261 204
1116 227 1358 265 EPITOME

453 334 679 404 potem,
719 327 827 384 vita
872 326 1094 387 defecit.
1151 311 1355 388 Actum
1399 329 1471 388 de
1513 350 1831 390 successore
1881 333 2026 392 deli-

451 426 658 504 gendo,
735 428 881 487 Cleri
938 440 993 487 et
1051 433 1249 510 populi
1317 441 1443 491 vota
1507 444 1906 492 consenserunt
1968 436 2027 492 in

451 529 765 608 Josephum
809 534 1054 608 Risium,
1097 534 1617 616 Archiepiscopum7
1663 547 1718 596 et
1758 538 2026 596 abbatem

454 631 683 710 Gsayae‚
731 635 944 694 honore
987 639 1124 711 ist0‚
1171 649 1400 716 propter
1450 643 1696 720 egregias
1740 643 1898 700 dotes
1947 642 2028 698 di-

451 736 785 812 gnissimum
837 761 847 794 :
910 759 1154 816 cumque
1205 761 1402 800 rursus
1451 744 1523 801 ad
1587 744 2026 821 quadragenaria

444 839 601 913 justa
643 842 762 915 ejus
814 843 1150 900 antecessori
1192 846 1562 921 persolvenda
1605 849 1876 925 primores
1917 846 2027 903 Ec-

453 937 636 996 clesiae
685 941 1026 1002 Maroniticae
1076 949 1494 1023 convenissent,
1548 951 1825 1027 optimum
1874 949 2027 1006 factu

454 1039 638 1097 visum
691 1052 803 1117 est,
869 1045 912 1103 si
969 1047 1042 1103 ad
1095 1048 1431 1107 firmandam
1497 1052 1777 1109 editorum
1833 1069 2026 1110 recens

452 1139 744 1201 Canonum
784 1149 1170 1206 auctoritatem
1211 1171 1354 1210 nova
1394 1154 1656 1231 Synodus
1690 1156 2014 1213 haberetur.

451 1241 518 1299 In
564 1265 628 1302 ea
679 1247 911 1305 Concilii
960 1251 1158 1327 prioris
1199 1253 1402 1331 placita
1448 1259 1699 1314 unanimi
1752 1277 2027 1317 consensu

448 1348 762 1424 approbata
819 1362 951 1409 sunt
999 1375 1011 1409 :
1064 1354 1353 1433 rebusque
1405 1357 1720 1418 felicissime
1777 1381 1840 1418 ac
1898 1360 2027 1438 pla-

450 1449 731 1509 cidissime
767 1456 1087 1532 compositis
1108 1502 1122 1528 ,
1166 1458 1357 1518 Patres
1392 1480 1545 1518 sacra
1588 1462 1882 1521 Palestinae
1913 1481 2029 1519 mo—

449 1562 718 1609 numenta
743 1558 988 1612 venerati
1005 1602 1019 1629 7
1046 1568 1101 1614 et
1121 1559 1180 1614 in
1203 1559 1420 1618 Italiam
1450 1566 1707 1640 regressi,
1733 1564 2026 1642 legationis

449 1673 567 1712 suae
598 1658 869 1715 rationem
898 1660 1156 1719 Pontifici
1185 1662 1472 1721 laetissimo
1492 1710 1506 1738 a
1534 1686 1879 1743 magnasque
1907 1667 2025 1723 Deo

448 1759 655 1835 gratias
717 1764 934 1839 agenti,
1002 1764 1397 1825 reddiderunt.
1464 1768 1726 1846 Magnam
1798 1788 2028 1847 quoque

446 1861 630 1919 eidem
661 1863 931 1923 Clementi
964 1868 1091 1925 VIII
1120 1869 1370 1926 laetitiam
1402 1870 1590 1927 attulit
1625 1869 1873 1928 confecta
1898 1870 2027 1928 feli-

449 1965 583 2022 citer
613 1966 794 2023 Utinae
823 1968 1116 2046 Synodus‚
1149 1970 1177 1998 *
1207 1973 1297 2029 cui
1331 1972 1521 2030 Patres
1559 1971 1865 2030 Antonium
1895 1973 2027 2031 Pos-

449 2068 740 2143 sevinum⁷
803 2080 859 2128 et
920 2071 1272 2130 Ludovicum
1346 2074 1695 2133 Galliardum
1757 2077 2024 2134 interesse

447 2169 734 2245 voluerat,
768 2185 824 2231 et
864 2194 1108 2251 quorum
1150 2177 1208 2234 in
1244 2177 1350 2236 hac
1393 2178 1620 2258 Synodo
1660 2180 2021 2258 prudentiam

448 2272 808 2333 collaudavit.

610 2375 767 2434 Idem
802 2399 931 2438 cum
973 2381 1209 2441 Claudio
1250 2380 1537 2461 Aquaviva
1578 2384 1884 2463 Praeposito
1919 2383 2023 2442 Ge-

444 2478 619 2537 nerali
652 2480 964 2558 Societati57
998 2485 1433 2563 Neapolitanum
1464 2486 2020 2564 Archiepiscopatum

444 2582 772 2659 obtulisset,
810 2586 1062 2643 laudavit
1096 2591 1216 2665 ejus
1246 2590 1511 2666 pietatem
1541 2610 1605 2646 ac
1632 2588 2014 2666 prudentiam,

443 2688 544 2763 qui
599 2689 915 2765 speciosum
978 2689 1248 2748 honorem
1314 2691 1529 2748 fortiter
1588 2698 2020 2766 constanterque

441 2799 771 2846 recusasset.
820 2790 1067 2848 Conatus
1101 2811 1330 2868 quoque
1366 2791 1546 2849 fuerat
1581 2790 1747 2848 Card.
1791 2790 2021 2848 Toletus

444 2910 655 2950 sacram
704 2912 906 2949 exuere
963 2912 1304 2970 purpuram7
1363 2893 1636 2968 religiosae
1687 2891 2018 2949 humilitatis

445 2994 664 3068 studio7
716 2994 889 3071 idque
939 3013 970 3049 a
1022 2993 1336 3067 Clemente,
1396 2994 1616 3071 scriptis
1679 2991 2018 3070 gravissimis

445 3098 643 3155 litteris
687 3095 713 3121 *
765 3096 1019 3153 obtinere
1067 3096 1379 3154 studuerat.
1435 3097 1671 3173 Negavit
1719 3092 2010 3165 Pontifex,

447 3210 625 3277 utque
668 3199 1010 3276 assignatum
1051 3199 1161 3258 sibi
1201 3199 1389 3258 locum
1432 3200 1507 3258 ad
1548 3198 1836 3278 publicam
1873 3194 2020 3254 utili-
