2147 3489
429 203 456 259 1
469 203 497 259 1
508 204 543 261 Ο
1085 222 1327 260 ΕΡῙΤΟΜΕ

90 342 131 377 et
151 338 300 378 Domus
422 327 501 383 vit
522 333 839 383 exstruere:
874 325 1192 403 domusque
1221 323 1605 383 Professorum
1636 326 1756 403 pari
1780 327 1981 384 civium

89 401 384 444 Professorum.
425 426 611 483 studio
640 427 902 484 aedificari
934 438 1131 505 caepta.
1167 427 1539 485 Bruxellensis
1568 447 1796 505 quoque
1825 427 1988 484 Sena-

423 538 544 601 tus,
570 549 630 586 re
659 529 730 585 ad
755 529 1047 586 consilium
1068 530 1361 607 publicum
1383 531 1552 588 relata
1575 577 1589 605 ,
1614 553 1681 589 ex
1705 532 1990 588 communi

425 649 698 688 consensu
734 632 1035 689 nonnullos
1078 633 1347 708 petiverat
1383 633 1600 707 Socios7
1633 652 1779 690 anno
1817 652 1990 710 supe-

89 726 347 835 ξῖὲῑξῇῑιῑὲἳέθ
420 731 572 803 riori;
621 743 755 790 tunc
791 734 1010 790 initium
1053 733 1283 810 aliquod
1330 735 1574 812 Collegio
1614 736 1808 792 datum
1846 745 1929 794 est
1969 757 1982 792 ε

353 825 362 835 ’
422 832 531 891 hoc
560 845 747 892 autem
783 854 930 892 anno
971 837 1030 892 in
1064 836 1184 894 aede
1221 836 1407 894 stabili
1439 857 1503 895 ac
1536 837 1742 895 laxiore
1770 838 1991 916 plenius

423 935 748 993 absolutum
773 947 876 995 est.

170 1049 309 1124 Missi-0
587 1037 904 1098 Advenerat
923 1049 1046 1096 tum
1069 1041 1342 1099 Bruxellis
1367 1041 1430 1098 P.
1460 1041 1702 1099 Thomas
1736 1041 1958 1100 Saillius
1976 1086 1991 1115 ⁷

90 1116 325 1159 castrensis.
404 1159 572 1198 -unus
608 1161 638 1198 e
680 1141 978 1199 duodecim
1018 1143 1081 1198 P.
1127 1143 1411 1200 Possevini
1456 1145 1647 1202 multis
1689 1147 1849 1202 annis
1900 1165 2001 1223 per

423 1241 760 1299 Moscoviam
804 1246 1006 1303 socius:
1046 1245 1212 1301 Hunc
1245 1247 1373 1303 Dux
1403 1246 1716 1304 Parmensis
1756 1247 1864 1304 sibi
1895 1247 2000 1304 de-

422 1345 600 1402 vinxit
651 1347 1001 1403 conscientiae
1060 1348 1368 1421 arbitrum7
1423 1350 1679 1406 comitem
1728 1351 1787 1405 in
1843 1348 1998 1406 bello

421 1460 781 1528 perpetuum.
829 1452 1118 1509 Sociorum
1151 1452 1427 1510 desiderio
1471 1452 1655 1509 caeteri
1684 1450 1998 1509 accendun-

419 1562 514 1608 tur
557 1553 769 1608 militiae
810 1554 1096 1627 Praefecti,
1144 1573 1456 1631 eorumque
1512 1556 1718 1612 auxilia
1768 1577 1799 1612 a
1841 1557 1998 1613 Duce

419 1653 626 1711 obnixe
668 1654 1029 1731 postularunt
1078 1677 1089 1711 τ
1156 1675 1270 1731 quo
1327 1657 1613 1715 adnitente
1660 1658 1996 1731 duodecim,

422 1755 708 1811 interdum
765 1754 837 1811 ad
902 1756 1128 1832 viginti,
1190 1757 1515 1817 Sacerdotes
1577 1781 1707 1817 cum
1763 1762 1999 1819 totidem

423 1857 863 1936 Coadjutoribus
889 1879 919 1915 a
949 1859 1278 1916 Provinciali
1303 1862 1583 1939 impetrati
1607 1871 1761 1935 sunt⁷
1789 1863 2001 1940 quibus

424 1961 690 2018 omnibus
722 1982 850 2019 cum
881 1961 1191 2039 Superioris
1221 1973 1496 2040 potestate
1518 1964 1582 2021 P.
1617 1964 1839 2023 Saillius
1861 1984 2002 2043 prae-

424 2060 603 2120 fectus
639 2062 766 2121 fuit.
822 2062 1008 2141 Atque
1048 2065 1169 2122 haec
1203 2068 1384 2144 prima
1426 2079 1509 2125 est
1551 2068 1607 2124 in
1646 2068 1833 2145 Belgio
1873 2068 2004 2126 Mis-

424 2163 594 2223 sionis
633 2166 940 2225 Castrensis
981 2168 1170 2245 origo;
1215 2178 1279 2226 ut
1313 2179 1377 2226 ut
1422 2179 1550 2228 ante
1591 2189 2000 2247 nonnunquam

423 2269 614 2328 Patres
656 2289 884 2348 operam
913 2271 972 2326 in
1010 2272 1203 2330 castris
1232 2273 1562 2353 posuerint5

579 2437 801 2481 Annus
837 2434 1082 2481 Christi
1116 2435 1281 2483 1588
1320 2449 1335 2482 ε
1373 2436 1716 2484 societatis
1750 2436 1854 2481 49.

145 2583 313 2638 Ejicitur
592 2570 768 2628 Exilio
812 2570 1098 2628 Societatis
1141 2571 1199 2627 in
1243 2570 1484 2647 Japonia
1527 2569 1875 2628 simillimum
1917 2578 2002 2627 est

92 2649 268 2691 Societas
313 2663 362 2691 ex

88 2714 381 2770 Transylvania
427 2673 678 2750 ejusdem
714 2674 940 2731 exilium
981 2675 1039 2729 in
1080 2673 1539 2750 Transsylvania,
1574 2672 1678 2728 nisi
1710 2669 1865 2747 quod
1895 2669 2003 2728 hoc

428 2776 501 2832 ab
534 2775 858 2847 hominibus
890 2775 1259 2833 Christianam
1292 2776 1552 2853 professis
1583 2775 1762 2853 legem
1795 2776 2001 2833 confla-

429 2887 549 2934 tum
574 2877 711 2950 fuit7
736 2877 879 2933 illud
902 2878 974 2933 ad
1005 2878 1263 2935 hostibus
1287 2879 1422 2955 legis
1447 2878 1794 2935 Christianae.
1832 2876 2001 2954 Aper-

431 2991 513 3039 tas
545 3001 669 3038 cum
709 2980 992 3037 catholicis
1023 2990 1077 3037 et
1115 2982 1384 3038 Societate
1425 2980 1654 3058 gerebat
1683 2979 1997 3035 inimicitias

429 3085 745 3142 Demetrius
769 3083 1000 3160 quidam
1021 3128 1035 3156 7
1063 3082 1395 3140 Arianorum
1422 3082 1752 3160 coryphaeus
1774 3105 1788 3152 ς
1815 3097 1999 3155 neque

429 3187 599 3245 finem
644 3187 826 3246 ullum
869 3185 1108 3245 faciebat
1149 3185 1473 3257 clamitandi
1508 3186 1692 3262 vigere
1729 3204 1794 3241 ae
1827 3179 1998 3238 vales-
