2147 3489
498 207 771 243 HISTORIAE
815 208 1135 246 soCOETATis
1179 213 1330 251 JESU.
1592 197 1708 255 309

142 306 258 364 Goa
280 317 335 365 et
357 307 643 367 Societatis
667 309 899 387 collegio
921 311 1240 388 baptismus
1265 316 1508 391 capitum
1531 318 1704 376 mille.

142 409 400 467 Interfuit
450 410 623 468 Indiae
666 431 867 488 prorex
918 433 1044 469 cum
1098 413 1375 492 frequenti
1413 437 1708 493 procerum

140 512 436 584 comitatu,
469 521 524 569 et
555 513 982 572 catechumenos
1027 514 1240 592 aliquot
1270 516 1340 573 de
1372 537 1525 575 sacro
1555 519 1709 577 fonte

140 615 412 690 suscepit3
458 614 712 692 plerique
754 616 825 672 ab
873 616 1303 694 Archiepiscopo
1335 620 1524 676 Goano
1562 623 1707 677 vita-

137 714 291 774 libus
339 719 499 793 aquis
550 719 853 794 regenerati
925 729 1077 776 sunt.
1132 719 1391 796 Magnam
1437 723 1707 780 universae

140 817 345 873 civitati
375 818 719 896 voluptatem
762 819 948 876 attulit
990 820 1246 878 Saraceni
1276 823 1548 900 Principis
1577 823 1708 881 felix

136 917 210 973 ab
231 919 514 995 impietate
540 920 931 978 Mohometana
958 924 1220 980 transitus
1244 924 1314 980 ad
1339 925 1705 983 Christianam

133 1019 419 1095 pietatem.
483 1022 586 1079 Hic
643 1023 899 1079 debitum
965 1024 1072 1081 sibi
1131 1024 1406 1082 Armuziae
1470 1047 1706 1103 regnum

135 1123 273 1199 eripi
317 1144 348 1179 a
390 1123 558 1183 fratre
595 1124 821 1197 dolens,
864 1125 1258 1182 Lusitanorum
1301 1128 1475 1184 fidem
1527 1137 1582 1185 et
1610 1148 1707 1205 po-

135 1227 363 1283 tentiam
388 1228 799 1304 imploraverat.
829 1229 976 1285 Dum
1011 1232 1130 1306 ejus
1157 1250 1321 1287 causa
1345 1231 1703 1308 expenditur,

132 1329 445 1404 propositas
494 1349 524 1385 a
574 1329 868 1402 Patribus,
913 1331 1012 1407 qui
1055 1331 1125 1388 de
1168 1332 1377 1389 coelesti
1420 1351 1589 1408 regno
1625 1331 1704 1388 illi

134 1430 508 1506 comparando
550 1431 907 1504 laborabant,
949 1433 1188 1489 rationes
1232 1433 1454 1490 demisit
1490 1435 1549 1489 in
1592 1433 1707 1489 ani-

133 1550 291 1587 mum
333 1542 388 1588 et
425 1533 734 1590 Sebastiani
785 1554 991 1590 nomeu
1035 1535 1093 1589 in
1143 1534 1425 1611 baptismo
1465 1535 1697 1611 accepit.

297 1634 623 1690 Simillirnus
674 1643 729 1689 et
769 1634 1199 1691 florentissimus
1249 1636 1594 1710 reliquorum
1645 1636 1703 1690 in

132 1734 243 1792 Ora
300 1735 636 1792 Malabarica
693 1735 980 1792 Societatis
1046 1735 1457 1791 domiciliorum
1526 1745 1702 1794 status

131 1847 250 1894 erat
299 1859 310 1893 :
365 1856 478 1893 non
528 1839 661 1894 item
704 1838 763 1892 in
810 1856 982 1913 regno
1033 1837 1378 1913 Bengalano7
1433 1836 1532 1893 ubi
1582 1858 1704 1913 per-

132 1941 357 1997 turbata
392 1942 575 1997 omnia
618 1950 673 1998 et
701 1939 921 1997 infesta.
965 1941 1164 1998 Nescio
1206 1939 1344 2016 quid
1382 1940 1702 1999 offensionis

129 2063 318 2119 regem
347 2045 491 2100 inter
520 2053 575 2100 et
602 2043 892 2100 Lusitanos
933 2041 1256 2113 subortum,
1291 2059 1516 2097 causam
1550 2040 1702 2098 bello

131 2144 306 2202 dedit.
351 2146 634 2202 Certatum
665 2154 810 2202 terra
845 2155 900 2201 et
929 2146 1098 2215 mari,
1132 2153 1187 2202 et
1216 2164 1246 2200 a
1276 2144 1427 2219 Rege
1470 2144 1701 2220 quidem

129 2265 330 2322 parum
366 2246 618 2304 feliciter.
655 2246 907 2324 Populus
937 2248 1036 2323 qui
1067 2247 1285 2322 Regum
1327 2248 1453 2303 odia
1483 2248 1699 2321 induit,

133 2345 474 2404 Christianos
510 2348 568 2403 in
598 2347 844 2405 hostium
887 2347 1096 2405 habere
1127 2367 1392 2419 numero,
1442 2349 1701 2406 conviciis

130 2450 596 2527 contumeliisque
631 2452 821 2508 Patres
858 2453 1147 2508 incessere.
1190 2450 1463 2525 Pergebat
1493 2450 1702 2506 nihilo-

133 2551 319 2607 minus
369 2550 432 2607 P.
475 2551 800 2609 Franciscus
842 2551 1189 2608 Feruandius
1231 2561 1494 2608 consueta
1544 2551 1702 2607 obire

133 2652 344 2708 munia.
387 2653 550 2709 Forte
579 2654 774 2709 incidit
815 2655 872 2710 in
903 2653 1230 2710 altercantes
1260 2673 1386 2708 cum
1426 2652 1702 2729 indigenis

134 2751 349 2828 aliquot
378 2753 674 2813 Lusitanis.
711 2756 965 2813 Accurrit
986 2801 999 2826 .
1040 2765 1104 2813 ut
1138 2757 1313 2812 rixam
1345 2776 1453 2832 qua
1487 2755 1704 2813 solebat

133 2856 460 2912 auctoritate
510 2867 886 2934 componeret.
944 2858 1187 2915 Mutatos
1235 2857 1447 2913 animos
1507 2857 1698 2912 sensit.

136 2957 366 3013 Irruunt
395 2958 452 3011 in
482 2977 609 3013 eum
643 2959 904 3032 conferti7
944 2961 1148 3037 pugnis
1185 2959 1547 3035 calcibusque
1579 2969 1702 3015 tun-

137 3058 315 3128 dunt7
349 3058 575 3114 oculum
628 3062 792 3117 etiam
838 3082 937 3139 per
983 3080 1259 3118 summam
1301 3060 1702 3117 immanitatem

135 3160 504 3238 exsculpunt:
539 3163 783 3241 denique
806 3164 1108 3242 spoliatum
1132 3161 1382 3220 vestibus
1405 3163 1705 3239 conjiciunt

1794 1639 1840 1679 P.
1862 1639 2039 1680 Fernan-

1739 1701 1827 1742 dius
1849 1703 1934 1743 neci
1964 1704 2035 1745 da-

1741 1773 1802 1807 tus
1826 1767 1864 1807 in
1881 1769 2039 1822 Benga-

1739 1832 1832 1873 lano
1852 1846 1995 1887 regno.
