2147 3489
130 1751 190 1791 An
220 1748 404 1792 Dimissis

103 1813 302 1857 alimenta
333 1816 405 1856 de-

103 1878 302 1922 beantur?

439 185 559 245 238
1110 208 1352 248 EPITOME

440 307 710 387 sionem)⁷
744 308 963 369 solutus
993 320 1077 370 est
1115 314 1296 372 aetatis
1325 333 1473 372 anno
1514 334 1746 373 xxxvn.
1785 315 1920 373 Haec
1955 336 2022 375 eo

440 411 760 469 distinctius
797 413 995 487 retuli7
1041 416 1195 492 quod
1236 436 1365 473 eum
1397 417 1652 475 Societati
1682 437 1888 476 nomen
1918 419 2024 478 de-

440 512 590 570 disse
618 532 731 571 non
754 515 895 572 nulli
921 519 1275 594 negaverint,
1302 539 1366 575 ac
1387 522 1695 596 praesertim
1722 521 2023 599 Gregorius

439 616 608 675 Letus
633 618 692 674 in
721 637 824 676 suo
857 618 1098 676 Theatro
1124 620 1440 678 Britannico
1464 621 1536 678 ad
1558 643 1767 680 annum
1794 643 2017 683 Mncxv.

440 717 487 776 A
516 719 682 778 nobis
713 722 973 793 emissus7
1001 730 1056 778 et
1091 722 1164 778 ad
1198 722 1583 801 Spalatensem
1623 725 1868 783 subinde
1897 743 2024 803 pro-

439 831 634 879 vectus
675 821 1273 902 Archiepiscopatum⁷
1318 846 1479 884 novae
1516 829 1786 886 doctrinae
1827 838 2025 906 patro-

440 925 650 983 cinium
704 928 950 1005 suscepit
1007 937 1063 985 et
1120 929 1178 985 in
1221 927 1481 1007 Angliam
1526 951 1673 989 anno
1723 952 1908 988 Mncni
1966 950 2025 989 se

439 1028 678 1085 contulit
716 1051 727 1086 :
757 1049 886 1087 mox
916 1032 1155 1087 Romam
1185 1051 1444 1089 reversus
1475 1052 1622 1090 anno
1651 1052 1858 1090 Mncxn
1879 1050 2027 1090 erro-

439 1152 529 1191 res
558 1134 865 1190 recantavit
902 1155 913 1190 :
950 1133 1047 1192 sed
1097 1154 1226 1191 cum
1264 1133 1649 1213 deprehensus
1687 1135 1887 1194 fuisset
1927 1154 2028 1193 oc-

440 1235 591 1293 culta
643 1256 772 1293 cum
823 1236 1099 1295 haereticis
1143 1239 1353 1315 agitare
1404 1237 1665 1311 consilia,
1712 1239 1770 1295 in
1818 1238 2027 1297 Molem

439 1337 672 1396 Adriani
724 1342 1046 1417 conjectus,
1099 1342 1158 1398 in
1206 1362 1271 1399 ea
1315 1341 1487 1398 vitam
1529 1339 1809 1398 infelicem
1851 1340 2028 1398 altero

438 1453 568 1522 post
597 1463 744 1502 anno
770 1444 989 1502 clausit.
1016 1444 1149 1521 Ejus
1171 1463 1327 1517 ossa,
1360 1442 1582 1501 tumulo
1604 1453 1762 1501 eruta
1780 1488 1794 1516 ⁷
1827 1442 2028 1500 eodem

439 1564 587 1602 anno
609 1589 624 1618 7
648 1547 707 1602 in
730 1545 943 1623 Campo
967 1545 1147 1603 Florae
1165 1591 1179 1620 ⁷
1206 1567 1336 1603 cum
1360 1545 1757 1624 pestilentibus
1779 1546 2023 1623 scriptiS,

439 1646 597 1704 fuere
621 1647 940 1705 combusta.

607 1748 713 1806 Per
741 1767 836 1808 eos
868 1748 989 1807 dies
1020 1748 1188 1807 datus
1209 1759 1295 1808 est
1319 1770 1350 1806 a
1373 1749 1662 1808 nonnullis
1683 1794 1701 1823 ‚
1724 1750 1823 1828 qui
1853 1750 2029 1809 desci-

444 1861 638 1910 verant
679 1871 710 1909 a
749 1852 1022 1910 Societate
1044 1897 1058 1925 ,
1098 1851 1257 1910 locus
1293 1852 1634 1909 renovandae
1664 1853 1865 1911 veteris
1898 1871 2028 1909 con-

440 1955 725 2012 troversiae
747 1999 762 2029 ‚
808 1975 881 2012 an
914 1955 982 2013 iis
1005 2000 1019 2028 ,
1060 1974 1205 2032 quos
1241 1955 1474 2012 dimittit
1515 1955 1788 2029 Societas,
1820 1954 2029 2014 debeat

440 2055 733 2115 alimenta?
753 2057 1011 2116 Pontifex
1032 2059 1420 2116 examinandae
1442 2057 1612 2136 hujus
1636 2060 2028 2118 controversiae

439 2160 788 2237 provinciam
832 2160 1115 2219 Cardinali
1159 2160 1446 2219 Matthaeio
1483 2160 1865 2218 demandavit.
1915 2161 2026 2233 Qui

442 2262 712 2321 omnibus
761 2262 862 2321 diu
911 2263 1275 2341 multumque
1323 2264 1614 2342 perpensis
1662 2285 1674 2320 ε
1736 2264 2027 2341 negotium

367 2352 371 2358 ’
440 2363 548 2422 hoc
577 2364 712 2424 alias
742 2385 844 2444 per
877 2385 1129 2424 summos
1174 2366 1474 2424 Pontifices
1495 2411 1509 2439 a
1543 2377 1599 2424 et
1633 2365 2030 2445 Congregatio-

106 2673 127 2694 *
156 2675 273 2716 Hist.
293 2674 337 2717 S.
361 2673 404 2715 J.

104 2739 161 2781 P.
180 2741 221 2780 5.
241 2741 314 2783 lib.
336 2741 404 2782 25.
449 2777 458 2786 .

105 2804 156 2846 Ν
156 2815 189 2845 ,ο
207 2806 276 2847 64.

104 2889 319 2932 Domicilia

107 2955 300 2997 stabilita.

441 2488 571 2524 nem
609 2468 666 2525 S.
704 2470 888 2527 Officii
930 2490 1242 2548 expensum
1279 2469 1452 2527 fuisse
1487 2468 1709 2541 retulit,
1744 2469 1817 2525 ab
1845 2468 2029 2544 iisque

435 2569 755 2646 judicatum
804 2572 1069 2630 alimenta
1112 2572 1358 2630 dimissis
1388 2591 1420 2627 a
1463 2570 1734 2627 Societate
1777 2588 1890 2626 non
1933 2568 2028 2626 de-

445 2671 590 2730 beri.
627 2674 850 2744 Quibus
881 2675 1088 2733 auditis
1123 2675 1383 2732 Clemens
1421 2672 1562 2729 nihil
1598 2672 1935 2729 mutandum
1966 2672 2026 2728 in

436 2794 565 2851 jure
595 2774 916 2848 Societatis‚
942 2785 999 2832 et
1029 2777 1437 2834 consuetudine
1459 2774 1770 2852 respondit.
1806 2774 1834 2800 *

611 2879 924 2935 Romanam
956 2878 1310 2936 Probationis
1335 2879 1569 2935 domum
1598 2876 1892 2953 insigniter
1912 2895 2026 2932 am-

441 2982 714 3062 plificavit
751 2980 1059 3039 liberalitas
1099 2982 1355 3040 Isabellae
1384 2980 1936 3044 Feltriae-Roboreae3
1970 2986 2027 3036 et

442 3066 868 3166 Neapolitanam
891 3085 1277 3144 Professorum
1301 3084 1533 3141 domum
1556 3083 1835 3141 fundavit.
1865 3080 2021 3138 Idem

445 3190 535 3247 hic
588 3210 770 3248 annus
811 3188 1011 3248 natalis
1054 3189 1263 3247 exstitit
1297 3187 1530 3266 collegio
1580 3187 1916 3260 Labacensi,
1964 3186 2022 3241 in
