2282 3489
437 178 708 217 HISTORIAE
749 173 1070 214 soc1ETAT1s
1111 178 1261 216 JEsU.
1550 157 1626 214 41

74 283 326 342 membra
348 289 648 361 premeret,
674 277 927 350 elideret7
959 288 1014 335 et
1034 298 1208 357 prope
1232 283 1632 340 comminueret

75 386 266 444 dolore
301 395 452 442 tanto
476 428 490 457 ,
531 392 596 440 ut
639 381 876 459 produci
910 381 1186 438 cruciatus
1236 381 1382 437 ultra
1428 384 1635 459 sesqui-

76 488 267 546 horam
316 507 424 544 non
459 493 646 563 posset
689 482 954 539 incolumi
985 483 1114 538 vita.
1165 482 1325 539 Certe
1364 482 1639 540 referebat

78 590 363 648 Cottamus
412 587 518 644 sibi
563 586 890 662 sanguinem
928 604 958 640 e
999 582 1243 661 pedibus
1287 586 1543 642 extremis
1577 606 1640 643 ac

78 693 340 748 manibus
391 688 724 760 exsudasse,
779 696 1067 761 cratesque
1121 686 1353 761 pectoris
1394 686 1468 741 ita
1517 705 1642 742 con-

74 794 259 850 vulsas
295 801 358 848 ut
394 790 709 847 fatiscerent
738 808 802 844 ac
831 807 974 864 pene
1002 797 1417 863 rumperentur.
1459 788 1642 858 Quam

78 893 464 952 crudelitatem
508 910 622 947 non
657 890 938 947 dubitavit
971 889 1262 965 judicibus
1304 890 1549 947 attonitis
1590 897 1644 948 et

78 993 597 1052 obmutescentibus
627 988 986 1068 exprobrare.
1023 988 1109 1045 Illi
1145 1009 1275 1046 vero
1306 1010 1432 1046 cum
1464 991 1647 1047 virum

77 1095 278 1154 fortem
308 1095 598 1152 tormentis
622 1093 768 1149 vinci
799 1110 961 1168 posse
984 1090 1333 1165 diffiderent,
1360 1093 1648 1169 promissis

80 1217 144 1254 ac
172 1197 458 1254 blanditiis
501 1212 819 1272 expugnare
863 1194 1043 1249 conati
1074 1202 1224 1251 sunt.
1260 1194 1385 1251 Jam
1419 1195 1651 1252 subvec-

82 1310 174 1357 tus
208 1299 364 1356 ferali
400 1297 649 1375 plaustro
688 1294 760 1351 ad
797 1294 1120 1371 patibulum
1151 1297 1471 1352 constiterat
1492 1341 1505 1368 7
1531 1299 1651 1372 jam

82 1401 342 1458 revinctis
385 1399 648 1455 manibus
690 1405 892 1452 restem
931 1395 1073 1450 collo
1107 1396 1489 1472 implicuerat‚
1523 1415 1653 1453 cum

87 1505 276 1563 subito
309 1505 365 1559 in
396 1502 632 1558 humum
671 1498 1008 1570 demittitur7
1041 1507 1096 1554 et
1129 1499 1366 1555 vinculis
1396 1499 1649 1556 solvitur.

88 1609 233 1666 Tum
266 1608 582 1664 vicecomes
603 1601 970 1660 Londinensis
995 1601 1085 1657 cui
1113 1600 1374 1657 mandata
1398 1600 1658 1678 supplicii

87 1709 348 1770 sumendi
388 1728 520 1766 cura
570 1729 582 1763 z
625 1707 756 1764 satis
799 1704 1162 1780 intelligimus
1187 1748 1200 1775 a
1245 1704 1458 1780 inquit,
1509 1712 1560 1760 te
1600 1703 1659 1758 in

91 1810 349 1888 Angliam
372 1810 587 1866 venisse
607 1852 621 1879 7
654 1815 718 1862 ut
739 1804 1047 1861 valetudini
1078 1804 1417 1876 consuleres,
1449 1813 1661 1879 tuaque

95 1913 324 1972 consilia
353 1911 520 1986 longe
553 1908 855 1965 abhorrere
890 1926 921 1963 a
964 1906 1206 1964 consiliis
1238 1906 1658 1983 improborum,

94 2034 236 2092 quos
278 2015 336 2069 in
372 2012 567 2089 patriae
603 2009 906 2086 perniciem
948 2011 1265 2084 conjurasse
1305 2007 1663 2064 manifestum

96 2125 198 2175 est.
235 2116 335 2174 Nae
367 2123 428 2171 tu
460 2112 758 2190 sapienter,
784 2119 840 2167 et
869 2104 1016 2167 re'cte
1048 2108 1247 2182 fecisti,
1280 2110 1376 2186 qui
1409 2108 1665 2186 prodito-

95 2239 184 2278 res
232 2218 355 2275 illos
405 2225 460 2274 et
508 2214 797 2272 seditiosos
846 2212 1050 2268 imitari
1091 2211 1355 2269 nolueris.
1405 2210 1538 2266 Eam
1591 2209 1665 2266 ob

101 2340 325 2379 causam
355 2319 590 2393 dignum
620 2325 676 2372 te
690 2314 1013 2391 judicamus
1043 2313 1140 2390 qui
1170 2313 1398 2389 Reginae
1432 2311 1670 2368 clemen-

99 2425 175 2481 tia
225 2421 489 2500 gaudeas,
547 2420 684 2490 Quae
730 2418 1018 2476 Cottanius
1068 2414 1330 2486 audiens7
1386 2415 1671 2489 vitamque

105 2525 213 2585 sibi
263 2543 390 2580 vere
427 2523 691 2579 donatam
736 2520 1054 2577 existimans
1102 2516 1403 2593 incipiebat
1445 2515 1673 2590 Reginae

105 2629 308 2707 gratias
350 2645 546 2702 agere,
602 2642 729 2680 cum
777 2622 1093 2679 Vicecomes
1123 2643 1134 2677 ε
1168 2621 1385 2696 Nempe
1429 2617 1534 2675 hoc
1576 2636 1675 2675 su-

108 2738 326 2808 perest,
369 2726 587 2803 inquit7
632 2733 696 2781 ut
739 2743 923 2781 coram
959 2722 1172 2800 populo
1214 2722 1522 2799 profitearis
1565 2739 1677 2776 non

114 2849 206 2887 eas
250 2830 352 2886 tibi
387 2846 580 2885 causas
617 2825 788 2884 fuisse
824 2828 878 2882 in
920 2824 1178 2900 Angliam
1214 2824 1502 2895 veniendi,
1550 2841 1677 2898 quae

118 2933 330 2990 caeteris
372 2932 539 2988 modo
583 2930 766 3000 caesis3
803 2928 902 2986 sed
939 2947 1133 2984 eorum
1173 2946 1235 2982 ac
1263 2925 1428 3002 Papae
1454 2922 1680 2980 consilia

118 3034 223 3090 tibi
261 3034 496 3088 maxime
536 3031 850 3109 displicere.
891 3030 996 3086 Hic
1029 3046 1158 3084 vero
1204 3027 1434 3104 cognitis
1468 3022 1681 3078 haereti-

125 3157 316 3195 corum
350 3135 613 3194 fallaciis:
646 3155 832 3212 neque
860 3152 962 3211 ego
986 3151 1109 3190 sum
1140 3147 1344 3187 nocens
1365 3172 1380 3199 7
1412 3125 1683 3183 exclamat
