2147 3489
759 422 1273 536 INDEX

558 638 664 708 ΕΤ
748 629 1087 703 SERIES
1138 617 1475 693 RERUM

426 817 564 866 quae
599 804 671 850 in
707 804 906 847 Tomo
943 793 1144 842 tertio
1179 780 1622 836 continentur.

808 945 1259 972 -—--==>e*===-—-—

115 1061 242 1092 Annus

128 1121 239 1165 1581
312 1119 624 1178 Congregatio
657 1114 896 1161 Generalis
921 1116 1088 1169 quarta
1111 1135 1171 1142 —-
1197 1102 1424 1151 Claudius
1448 1097 1704 1155 Aquaviva.
1775 1120 1787 1133 .

310 1202 514 1260 Collegia
534 1201 879 1250 Placentinum,
905 1193 1216 1242 vercellense,
1237 1187 1537 1234 Divionense,
1556 1176 1789 1234 Augense,

374 1282 699 1341 Gerundense,
753 1278 1011 1324 Leodiense
1020 1284 1783 1320 ..........

311 1366 564 1411 Personius
587 1371 631 1410 et
667 1364 972 1421 Campianus.
1010 1360 1098 1404 Hic
1131 1357 1407 1412 torquetur,
1442 1346 1648 1392 moritur
1693 1371 1704 1383 .
1775 1368 1788 1381 .

315 1448 573 1493 Shervinus
596 1453 641 1491 et
663 1447 882 1490 Briantus
904 1443 1033 1486 idem
1054 1439 1346 1498 supplicium
1369 1432 1577 1476 subeunt
1611 1457 1622 1469 .
1696 1453 1708 1465 .

319 1529 643 1576 Summarium
664 1531 773 1572 vitae
795 1526 1038 1583 Campiani
1063 1547 1122 1554 -
1145 1520 1350 1565 Joannes
1374 1514 1545 1558 Hartus
1613 1540 1626 1552 .
1696 1537 1706 1548 .
1778 1534 1789 1546 .

324 1611 566 1655 Donaldus
590 1611 650 1654 ob
673 1609 815 1651 fidem
837 1604 1117 1650 interfectus
1141 1605 1191 1646 in
1219 1598 1444 1643 Hibernia
1452 1614 1792 1638 .....

317 1691 570 1735 Personius
595 1691 646 1731 in
674 1686 820 1731 Gallia
850 1708 903 1715 —
935 1682 1055 1741 Augi
1086 1681 1406 1725 Seminarium
1439 1674 1704 1731 Anglorum
1737 1693 1795 1702 —-

307 1804 312 1806 >
379 1772 467 1818 ΡΡ.
489 1775 538 1815 in
565 1770 722 1815 Scotia
791 1780 1794 1811 .............

321 1856 603 1901 Possevinus
627 1854 806 1910 legatus
837 1851 887 1892 in
917 1844 1199 1891 Moscoviam
1207 1860 1796 1884 ........

324 1937 428 1993 Quo
453 1942 577 1980 statu
599 1948 673 1978 res
696 1936 745 1976 in
770 1932 952 1990 Belgio:
985 1925 1211 1976 Tornaci‚
1248 1918 1445 1965 Lovanii
1453 1941 1797 1960 .....

325 2020 531 2066 Societas
554 2021 604 2061 in
630 2015 990 2072 Transsylvania
1010 2013 1205 2053 vexatur
1227 2004 1284 2047 ab
1310 2001 1494 2046 Arianis
1533 2031 1545 2042 .
1619 2030 1629 2040 .
1702 2028 1712 2039 .
1782 2026 1796 2038 .

325 2101 573 2145 Missiones
597 2102 645 2141 in
672 2098 862 2155 Illyrico
880 2129 891 2149 ,
915 2097 964 2137 in
991 2091 1174 2142 Silesia,
1201 2089 1250 2129 in
1276 2096 1424 2142 regno
1449 2079 1716 2138 Angolano.
1785 2106 1799 2120 .

324 2185 413 2229 Res
438 2188 577 2241 gestae
600 2184 649 2224 in
676 2179 830 2231 India,
857 2180 909 2221 in
935 2174 1152 2225 Brasilia,
1180 2173 1229 2213 in
1254 2167 1451 2225 Japonia
1460 2191 1802 2208 .....

324 2265 377 2310 Ρ.
404 2265 634 2322 Rogerius
656 2264 706 2305 in
733 2260 843 2306 Sina
867 2260 1078 2317 primum
1105 2250 1404 2296 domicilium
1436 2246 1554 2304 figit.
1625 2274 1636 2286 .
1707 2272 1719 2285 .

330 2347 384 2391 In
410 2346 591 2390 Mexico
615 2350 706 2388 etc.
747 2342 954 2399 Collegia
978 2339 1105 2381 varia
1132 2354 1805 2378 .........

147 2430 265 2475 1582
332 2428 570 2486 Ingressus
588 2428 638 2469 in
664 2424 961 2480 Philippinas
986 2444 1038 2451 -
1060 2415 1246 2460 Bellum
1271 2411 1409 2456 civile
1432 2412 1481 2453 in
1508 2408 1724 2465 Japonia.
1793 2434 1807 2449 .

329 2509 554 2567 Japonica
579 2508 751 2565 legatio
777 2503 833 2548 ad
869 2500 1146 2545 Pontificem
1215 2519 1805 2539 ........

335 2593 642 2637 Domicilium
667 2588 831 2633 stabile
850 2589 898 2629 in
924 2584 1128 2641 Imperio
1153 2578 1313 2624 Sinico
1383 2602 1807 2621 ......

338 2674 578 2730 Neophyti
606 2672 715 2716 Goae
738 2676 784 2714 et
811 2672 860 2712 in
888 2666 1116 2711 Malabare
1132 2684 1807 2706 .........

343 2755 392 2799 Ρ.
421 2753 662 2798 Cottamus
685 2757 734 2797 in
759 2752 924 2810 Anglia
951 2749 1055 2792 neci
1078 2745 1216 2788 datur
1223 2766 1808 2785 ........

339 2837 432 2882 Pax
460 2839 584 2879 inter
609 2836 814 2879 Polonos
845 2838 892 2875 et
924 2828 1214 2874 MoscovitaS.
1241 2824 1423 2883 Religio
1458 2836 1556 2866 non
1594 2820 1812 2865 admissa.

341 2917 545 2975 Collegia
570 2917 719 2975 Rtgae,
744 2914 982 2964 Niesvisii,
1012 2908 1229 2960 Lublini,
1256 2906 1511 2951 Talabricae
1554 2936 1565 2947 .
1639 2937 1648 2947 .
1718 2934 1731 2945 .
1802 2933 1813 2945 .

349 2998 596 3043 Provincia
620 2997 856 3054 Aquitana
878 2999 924 3037 et
947 2989 1277 3049 Lugdunensis
1302 3018 1647 3032 .....
1670 3037 1681 3045 ⁴
1719 3018 1730 3029 .
1799 3014 1813 3027 .

348 3080 591 3137 Praepositi
626 3078 863 3124 Generalis
896 3075 987 3119 fixa
1008 3073 1171 3116 Romae
1194 3070 1323 3114 sedes
1391 3095 1814 3113 ......

166 3157 306 3212 1585‘
347 3162 502 3207 Missio
527 3158 941 3220 Constantinopoli
965 3182 1025 3189 —
1050 3158 1239 3217 Legatio
1263 3152 1561 3197 Antiochena
1582 3151 1715 3194 irrita

351 3243 509 3289 Missio
531 3241 589 3287 ad
619 3241 829 3301 Cophtos
855 3264 908 3274 -—
936 3243 983 3283 et
1009 3238 1249 3298 Angolana
1317 3261 1820 3277 .......
