2147 3489
118 340 287 384 Restitui

58 405 236 448 Societas
312 407 354 449 in

56 471 353 527 Transylvania

57 536 215 592 incipit.

94 2302 181 2345 Rex
233 2301 368 2358 Bungi

67 2366 252 2410 desciscit
290 2382 313 2411 a

66 2432 163 2477 Fide
177 2449 190 2490 ;

75 2708 117 2745 et
167 2703 280 2747 saevit
331 2704 372 2746 in

75 2768 339 2812 Christianos.

394 205 512 267 134
1063 229 1304 268 EPITOME

391 331 480 387 cui
504 331 759 389 resistere
787 331 847 388 in
874 333 1170 409 praesentia
1205 331 1569 409 nequivisset.
1605 329 1764 387 Hanc
1793 347 1964 386 unam

390 433 538 493 exilii
568 433 678 492 illis
707 435 930 512 irrogati
976 455 1201 493 causam
1240 434 1448 509 fuisse7
1488 433 1643 511 quod
1675 441 1858 490 essent
1886 432 1967 488 ni-

389 536 496 594 mis
519 536 685 614 probi
708 547 763 594 et
787 537 1064 594 catholici.
1102 538 1241 608 Quae
1263 536 1462 592 litterae
1495 534 1763 612 singulari
1786 534 1970 592 numi-

388 639 475 696 nis
518 640 868 717 providentia
909 641 1148 697 Romam
1188 650 1323 695 tunc
1372 637 1573 695 delatae
1625 647 1787 709 sunt⁷
1834 656 1965 694 cum

390 739 763 799 fabricaretur
819 762 850 799 a
916 742 1205 799 Societatis
1263 740 1595 798 adversariis
1653 741 1966 814 calumnia,

389 841 556 919 longe
587 843 750 899 aliam
776 844 924 901 exilii
955 845 1127 902 nostri
1161 863 1385 902 causam
1410 843 1720 917 affirmanS.
1753 843 1969 900 Urbem

391 943 606 1003 infestis
649 946 976 1005 rumoribus
1025 947 1388 1024 implevisset.
1445 948 1751 1026 Rescripsit
1793 947 1971 1024 Sigis-

393 1047 610 1104 mundo
655 1048 843 1107 Sixtus
876 1050 922 1106 V
952 1051 1193 1127 graviter
1222 1069 1455 1107 monens
1488 1059 1551 1107 ut
1582 1051 1734 1107 omni
1766 1057 1971 1106 conatu

394 1149 468 1207 ad
508 1152 911 1209 restituendam
949 1153 1007 1208 in
1051 1153 1332 1229 integrum
1376 1151 1706 1209 Societatem
1746 1152 1973 1207 incum-

393 1251 574 1310 beret.
627 1255 793 1326 Quod
837 1254 930 1311 ille
971 1264 1238 1332 praestare
1283 1253 1480 1311 sedulo
1521 1271 1817 1330 aggressus
1854 1262 1972 1324 est²

395 1355 791 1413 conservandis
823 1356 1073 1434 primum
1103 1356 1399 1415 domiciliis
1425 1357 1577 1413 unde
1605 1354 1755 1433 pulsi
1787 1353 1979 1412 fuera-

395 1480 554 1534 mus7
600 1481 664 1518 ae
702 1462 945 1519 vetando
987 1482 1057 1519 ne
1093 1461 1321 1518 illorum
1351 1459 1627 1538 possessio
1670 1467 1725 1515 et
1758 1457 1979 1516 fructus

396 1573 811 1640 occuparentur
850 1581 880 1616 a
914 1560 1252 1618 Calvinianis
1275 1608 1289 1634 7
1323 1571 1421 1619 aut
1457 1563 1516 1617 in
1555 1561 1758 1618 fiscum
1801 1558 1980 1615 infer-

395 1672 593 1722 rentur
621 1686 632 1720 :
681 1663 813 1721 dein
842 1662 1174 1720 arcessendo
1205 1683 1234 1718 e
1264 1663 1546 1720 Moldavia
1578 1662 1643 1719 P.
1685 1660 1981 1718 Valentino

397 1767 588 1840 Lado7
643 1786 813 1843 quem
880 1764 1148 1822 Catholici
1209 1762 1522 1820 Sacerdotis
1573 1761 1731 1817 obire
1787 1760 1980 1818 munia

396 1868 587 1948 palam
611 1867 962 1946 Claudiopoli
988 1867 1187 1924 voluit.
1217 1865 1505 1923 Postremo
1527 1863 1592 1920 P.
1622 1862 1979 1941 Alphonsum

399 1972 696 2031 Cavillium
738 1994 769 2030 a
812 1973 1119 2050 Praeposito
1157 1969 1412 2029 Generali
1454 1969 1741 2026 Societatis
1779 1978 1983 2046 postu-

397 2073 568 2148 lavit,
618 2085 681 2133 ut
715 2095 781 2134 eo
825 2075 1181 2154 potissimum
1226 2074 1483 2150 adjutore
1530 2072 1601 2129 ad
1640 2071 1983 2148 frangendos

400 2174 736 2235 Arianorum
765 2180 1011 2256 impetus
1041 2187 1313 2234 uteretur.

566 2283 695 2339 Non
749 2291 868 2340 erat
922 2282 1121 2339 eadem
1181 2299 1307 2358 spes
1364 2277 1625 2336 exulibus
1677 2278 1881 2335 nostris
1921 2278 1981 2334 in

403 2384 672 2462 Japonia‚
738 2386 1080 2464 Imperatore
1148 2385 1343 2442 odium
1412 2383 1470 2440 in
1538 2382 1870 2440 Societatem
1929 2389 1986 2440 et

407 2487 610 2547 Christi
640 2488 830 2567 legum
865 2487 1148 2568 professo7
1197 2497 1253 2545 et
1284 2486 1537 2565 dynastis
1573 2485 1790 2562 aliquot
1818 2483 1982 2539 Prin-

408 2591 546 2668 cipis
583 2591 938 2669 exemplum,
973 2600 1037 2648 ut
1073 2590 1189 2648 fere
1217 2590 1313 2662 fit,
1362 2590 1566 2645 imitari
1598 2585 1981 2645 studentibus.

410 2695 564 2766 Quos
606 2696 751 2751 inter
800 2695 992 2752 saevire
1033 2695 1250 2770 primus
1295 2692 1497 2769 coepit7
1544 2708 1715 2765 quem
1755 2687 1985 2744 minime

409 2796 664 2853 omnium
696 2794 968 2868 decebat,
1014 2796 1133 2851 Rex
1169 2795 1380 2870 Bungi7
1418 2791 1787 2849 Christianus
1829 2789 1987 2846 Mea—

411 2918 540 2956 cum
578 2896 651 2953 ab
703 2896 1044 2973 Imperatore
1092 2897 1386 2954 arcessitus
1439 2892 1685 2970 sigillum
1735 2891 1873 2948 idoli
1918 2891 1989 2948 de

412 3000 556 3059 collo
615 2999 940 3077 suspendit,
1009 3019 1072 3056 ac
1129 2999 1316 3076 palam
1382 2997 1667 3056 Christum
1727 2994 1980 3072 ejuravit.

411 3103 598 3162 Secuti
628 3112 761 3162 sunt
789 3101 1110 3180 exemplum
1134 3122 1164 3159 e
1187 3099 1465 3178 Bungensi
1499 3099 1668 3179 plebe
1697 3094 1977 3154 nonnulli.

412 3208 758 3266 Restiterunt
808 3205 1006 3264 acriter
1060 3204 1229 3281 Regis
1287 3222 1441 3262 soror
1488 3211 1545 3261 et
1595 3200 1716 3259 aliae
1766 3199 1986 3257 feminee
