2147 3489
66 1499 114 1540 P.
149 1499 364 1541 Gerardius

57 2309 259 2352 dirissime

57 2375 261 2418 cruciatus

414 223 530 284 180
1073 250 1315 290 ΕΡῙΤΟΜΕ

408 350 711 423 Romanae,
772 359 829 408 et
883 350 1169 412 Societatis
1226 356 1361 414 Jesu
1419 356 1743 435 religiosum
1793 359 1980 437 palam

405 450 727 528 professus⁷
781 474 973 531 preces
1023 476 1126 533 pro
1176 459 1424 534 Regina,
1479 461 1708 537 suisque
1766 461 1983 520 civibus

405 550 585 625 fudit,
618 574 682 611 ac
715 566 1037 632 porrectum
1078 558 1347 636 laqueum
1380 561 1533 620 dulci
1578 563 1762 620 libans
1791 563 1983 622 osculo

404 654 463 710 in
495 655 703 713 collum
743 658 998 716 inseruit.
1048 660 1157 717 Cor
1199 660 1385 719 adhuc
1414 665 1643 741 spiranti
1687 665 1979 739 avulsum,

405 775 610 835 corpus
641 758 699 814 in
730 769 972 836 quatuor
1002 760 1304 820 dissectum
1353 776 1570 842 partes⁷
1608 778 1672 824 ut
1714 787 1836 825 mos
1864 767 1984 825 An-

402 862 509 940 glis
545 865 603 919 in
641 864 918 941 supplicio
958 865 1358 942 perduellium.
1395 869 1531 926 Haec
1559 879 1712 946 gesta
1742 871 1984 928 Dorces-

400 966 554 1038 triae,
589 966 692 1022 ubi
723 966 1014 1025 Cornelius
1050 969 1487 1046 comprehensus
1529 971 1738 1047 fuerat,
1785 974 1983 1050 quinto

402 1068 593 1126 Nonas
644 1068 804 1126 Julii.
856 1070 1168 1129 Sacerdotis
1211 1075 1416 1150 egregii
1465 1076 1729 1150 virtutes⁷
1789 1086 1984 1154 potes-

401 1178 573 1227 tatem
617 1172 673 1227 in
712 1171 1026 1246 daemones,
1073 1175 1337 1251 pietatem
1373 1177 1431 1231 in
1474 1188 1759 1249 mortuos,
1800 1187 1856 1234 et
1891 1196 1980 1235 res

400 1273 668 1349 praeclare
697 1283 878 1350 gestas
913 1274 1098 1352 legere
1135 1286 1218 1334 est
1259 1279 1316 1334 in
1352 1297 1418 1335 eo
1455 1278 1634 1353 libro,
1673 1280 1771 1357 qui
1792 1280 1984 1339 inscri-

400 1375 558 1433 bitur
593 1386 806 1434 mortes
835 1376 1118 1434 illustres,

566 1478 720 1536 Servi
758 1479 996 1556 perfidia
1038 1480 1294 1540 similiter
1323 1503 1388 1540 ac
1425 1483 1743 1561 proditione
1784 1496 1981 1564 captus

399 1590 484 1639 est
525 1581 725 1638 eodem
768 1601 945 1654 amm,
992 1592 1049 1638 at
1091 1584 1244 1641 exitu
1286 1584 1577 1658 dissimili,
1622 1587 1686 1644 P.
1735 1588 1981 1647 «loannes

400 1684 724 1742 Gerardius.
889 1686 1143 1742 Romano
1194 1685 1507 1764 Anglorum
1566 1689 1871 1747 Seminario
1923 1692 1982 1747 in

399 1787 729 1844 Societatem
775 1786 1029 1844 adlectus
1067 1807 1213 1844 anno
1244 1809 1599 1849 MDLXXXVIII
1642 1791 1882 1848 redierat
1923 1792 1983 1847 in

396 1893 659 1970 patriam.
702 1891 845 1948 Cum
879 1889 951 1947 ad
981 1889 1144 1946 illum
1175 1890 1443 1969 frequens
1479 1893 1638 1951 fieret
1676 1912 1982 1952 concursus

398 1994 834 2065 catholicorum,
883 1994 1056 2049 movit
1105 1995 1480 2071 suspicionem
1529 1995 1745 2054 infideli
1789 2015 1978 2070 serv0,

398 2097 498 2174 qui
547 2096 755 2153 ductus
805 2096 1045 2172 ingentis
1097 2097 1309 2172 praemii
1354 2117 1484 2174 spe,
1537 2099 1581 2155 si
1635 2098 1980 2156 sacerdotem

398 2199 692 2277 proderet7
740 2197 942 2255 milites
981 2197 1127 2254 clam
1159 2199 1390 2257 immisit
1421 2198 1677 2256 domum.
1715 2200 1980 2276 Compre-

397 2301 609 2361 hensus
639 2300 877 2358 Londini
909 2300 1210 2358 Gerardius
1239 2301 1570 2358 horribilem
1602 2299 1982 2359 carnificinam

397 2404 632 2484 pertulit
669 2405 873 2461 invicta
915 2404 1258 2474 constantia3
1299 2403 1439 2461 adeo
1484 2414 1548 2462 ut
1579 2403 1824 2461 brachiis
1868 2422 1983 2460 ma-

396 2509 684 2585 nibusque
713 2506 862 2565 foede
886 2506 1131 2565 distortis
1160 2527 1225 2563 ac
1257 2516 1372 2563 toto
1411 2506 1684 2563 laceratus
1715 2523 1976 2581 corpore,
2053 2569 2061 2577 ἱ

396 2610 714 2689 pascendus
764 2620 909 2668 esset
954 2611 1170 2687 ingesto
1220 2610 1279 2666 in
1330 2629 1391 2667 os
1443 2610 1591 2666 cibo.
1648 2609 1978 2667 Patientiam

397 2713 708 2770 admiratus
759 2723 947 2770 custos
1008 2713 1240 2770 carceris
1291 2710 1547 2768 nonnihil
1597 2710 1668 2767 de
1712 2720 1980 2769 consueta

398 2815 689 2874 severitate
744 2814 985 2886 remisit5
1045 2816 1209 2890 eique
1272 2822 1604 2890 potestatem
1666 2812 1794 2870 fecit
1858 2813 1980 2870 col-

397 2917 670 2994 loquendi
700 2936 829 2972 cum
862 2915 1117 2988 Ardeno,
1164 2915 1435 2973 catholico
1472 2915 1681 2990 nobili5
1725 2917 1824 2993 qui
1858 2919 1979 2993 jam

307 3025 325 3043 “
399 3038 575 3077 annos
597 3018 791 3076 decem
827 3018 1121 3075 tenebatur
1150 3019 1208 3074 in
1240 3018 1510 3095 superiori
1538 3019 1770 3076 carceris
1794 3028 1972 3095 parte.

399 3124 537 3181 Haec
579 3121 911 3180 imminebat
952 3119 1115 3177 fossae
1159 3121 1302 3177 circa
1345 3141 1537 3180 muros
1580 3120 1846 3198 ergastuli
1887 3139 1977 3177 ex-

396 3235 645 3298 cavatae,
712 3223 942 3282 inducta
1001 3243 1032 3280 6
1087 3223 1269 3281 vicino
1327 3223 1503 3281 fluvio
1561 3224 1708 3301 aqua
1765 3221 1967 3300 plenae.
