2147 3489
178 2283 225 2323 P.
246 2280 432 2323 Carillius

138 2347 321 2389 oblatum
357 2347 430 2389 sibi

134 2411 418 2467 Episcopatum

457 195 579 253 206
1127 220 1370 259 EPITOME

458 340 559 399 per
587 319 774 379 Socios
811 319 1001 380 Gallos
1045 322 1314 384 Claudius
1351 324 1639 403 Aquaviva
1669 331 1866 406 quanti
1902 331 2030 391 reli-

457 423 637 500 gionis
665 423 984 498 interesset,
1017 435 1082 482 ut
1111 428 1195 483 vir
1223 437 1413 486 tantus
1447 428 1706 487 Ecclesiae
1737 432 1843 489 sibi
1875 452 2035 491 com-

457 524 643 583 missae
672 525 1054 603 gubernacula
1082 548 1193 586 non
1225 529 1490 608 abJ'iceret
1510 577 1524 606 ,
1560 532 1849 591 certiorem
1872 534 1944 592 de
1973 555 2035 593 re

461 636 575 686 tota
606 628 953 687 Clementem
977 631 1101 688 'VIII
1125 631 1285 706 fecit7
1312 633 1410 710 qui
1433 634 1601 710 jussit
1621 633 1784 691 illum
1807 635 1865 691 in
1886 637 2038 693 attri-

457 728 598 787 buta
642 732 879 788 statione
922 733 1243 791 consistere.
1296 735 1570 793 Venerant
1612 757 1643 794 e
1681 738 1859 795 Gallia
1905 759 2037 797 cum

457 833 699 891 Henrico
750 835 944 911 viginti
995 834 1375 894 adolescentes
1424 837 1643 896 nobiles
1685 848 1748 896 ut
1783 840 2041 898 admitte-

455 943 651 992 rentur
678 936 736 992 in
769 937 1119 995 Societatem.
1161 938 1240 995 Ex
1269 939 1335 997 iis
1365 939 1668 998 nonnullos
1697 941 2038 1020 Praepositus

457 1036 743 1096 Generalis
775 1040 1043 1097 Romanis
1067 1041 1350 1099 tironibus
1372 1041 1592 1098 addidit
1621 1064 1633 1099 ε
1660 1041 1798 1101 alios
1826 1043 2041 1102 remisit

457 1139 515 1194 in
558 1140 794 1197 Galliam
840 1150 904 1198 ut
945 1141 1027 1197 ibi
1076 1142 1396 1199 tirocinium
1446 1153 1749 1220 ponerent3
1801 1144 1939 1202 alios
1980 1144 2042 1200 in

457 1240 615 1297 aliud
660 1252 883 1320 tempus
936 1243 1189 1318 distulit7
1237 1244 1550 1302 molestiam
1604 1265 1668 1303 ac
1718 1247 1916 1306 turbas
1965 1247 2040 1305 ab

457 1361 654 1400 eorum
693 1345 1025 1422 parentibus
1068 1346 1471 1421 reformidans,
1518 1348 1729 1425 quibus
1762 1350 1950 1409 insciis
1985 1357 2043 1408 et

456 1446 644 1505 invitis
695 1448 1077 1509 adolescentes
1136 1451 1371 1507 Romam
1423 1452 1640 1509 venisse
1684 1460 2038 1530 cognoverat.

459 1550 627 1622 Quod
667 1551 922 1609 obtinere
966 1561 1088 1608 turn
1128 1552 1405 1611 Henricus
1446 1574 1560 1610 non
1604 1564 1900 1632 potuerat,
1932 1554 2043 1612 hoc

460 1651 683 1729 ipsum,
718 1653 1007 1731 aliquanto
1041 1664 1170 1732 post
1201 1656 1636 1732 impetraturum
1669 1677 1726 1715 se
1757 1658 2036 1735 speravit,

462 1764 753 1831 sequestro
778 1777 843 1814 ac
865 1756 1226 1835 deprecatore
1254 1757 1540 1815 Cardinali
1572 1759 1932 1835 Bellarmino‚
1967 1761 2042 1818 ad

462 1877 634 1935 quem
656 1880 785 1917 cum
809 1880 840 1918 e
861 1858 1220 1937 Lotharingia
1250 1861 1584 1938 scripsisset,
1610 1861 1894 1939 rescripsit
1915 1861 2045 1920 Car-

462 1959 667 2020 dinalis
689 1962 810 2020 fieri
839 1962 1000 2020 nullo
1035 1971 1201 2040 pacto
1223 1982 1421 2041 posse.
1447 1971 1512 2020 ut
1540 1962 1798 2020 Pontifex
1828 1971 2044 2021 senten-

462 2062 597 2119 tiam
634 2044 912 2138 mutaret,
951 2083 1196 2143 eumque
1236 2065 1309 2122 ad
1345 2064 1623 2143 pastorale
1656 2085 1799 2124 onus
1829 2065 2045 2124 fortiter

463 2163 762 2225 ferendum
786 2167 1042 2226 hortatus
1072 2178 1175 2226 est.

629 2258 917 2329 En'aliud
974 2271 1304 2329 humilitatis
1356 2269 1686 2328 Christianae
1736 2269 2040 2347 specimen.

465 2373 529 2430 P.
587 2371 912 2451 Alphonsus
947 2374 1209 2432 Carillius
1257 2372 1584 2450 religionem
1640 2374 1695 2429 in
1750 2372 2046 2451 Transsyl-

465 2477 626 2534 vania
671 2477 921 2535 stabilire
984 2478 1295 2550 meditans,
1357 2476 1652 2554 proprium
1704 2476 2044 2552 Episcopum

465 2580 680 2655 regioni
721 2580 1093 2638 tribuendum
1130 2580 1437 2658 judicavit.
1484 2579 1582 2655 qui
1632 2577 1848 2635 sederet
1883 2575 2045 2634 Albae

465 2681 501 2737 J
506 2681 664 2753 uliae,
705 2691 761 2739 et
799 2682 1189 2739 haereticorum
1231 2691 1462 2740 conatus
1504 2680 1766 2757 praesenti
1809 2671 2047 2736 auctori-

466 2792 581 2842 tate
624 2785 1036 2861 comprimeret.
1076 2784 1384 2842 Consilium
1429 2781 1836 2859 approbaverat
1880 2780 2046 2857 Sigis-

469 2885 720 2943 mundus
745 2886 1191 2964 Transsylvaniae
1213 2887 1497 2964 princeps,
1523 2884 1773 2960 itemque
1794 2881 2043 2939 Nuntius

470 2988 855 3067 Apostolicus7
918 2998 974 3046 et
1021 2990 1207 3066 ipsum
1258 2986 1546 3046 Carillium
1609 2995 1846 3062 uterque
1910 2967 2044 3040 huic

470 3092 689 3150 muneri
733 3091 1057 3149 destinarat.
1117 3091 1320 3148 Verum
1362 3089 1456 3146 ille
1498 3097 1612 3144 tam
1654 3086 1880 3143 honoris
1917 3103 2043 3162 pro-

470 3196 575 3271 prii
612 3193 888 3271 fugitans,
942 3214 1113 3271 quam
1161 3191 1408 3271 publicae
1455 3189 1710 3249 utilitatis
1759 3185 2038 3264 cupidus,
