2147 3489
135 330 176 367 et
185 325 235 369 ad
247 325 439 380 Cophtos.

479 197 557 255 76
1149 219 1390 258 EPITOME

643 321 899 382 Liberius
944 343 1072 381 cum
1117 323 1349 401 Cophtis
1384 324 1444 380 in
1487 323 1732 402 AEgypto
1774 331 1830 380 et
1869 324 2051 382 acrius

477 435 666 483 actum
704 436 818 500 est,
857 425 954 484 sed
989 427 1138 483 exitu
1170 425 1345 481 nihilo
1386 425 1634 485 meliore.
1675 425 1908 483 Illorum
1948 424 2048 482 Pa-

476 528 776 585 triarcham
813 548 959 585 anno
991 528 1275 605 superiore
1305 528 1494 587 Patres
1532 529 1759 586 Elianus
1795 537 1851 585 et
1873 528 2050 585 Saxus

477 649 543 688 eo
603 630 953 688 deduxerant
1016 639 1081 685 ut
1137 629 1428 707 Synodum
1490 649 1722 687 suorum
1779 628 2051 686 indiceret

475 733 585 791 hoc
626 734 950 792 habendam
989 751 1158 788 anno,
1206 732 1528 789 Convenere
1568 752 1696 788 cum
1733 728 2053 788 Patriarcha

476 835 738 914 Episcopi
789 837 1075 912 quinque,
1126 834 1343 911 aliquot
1390 833 1672 907 Abbates,
1725 854 1789 890 ac
1839 833 2055 891 circiter

475 938 1030 1016 triginta-Principes
1073 938 1334 995 nationis.
1384 937 1621 994 Prolatae
1671 947 1801 995 sunt
1842 937 1902 992 in
1942 954 2056 992 me-

477 1039 637 1096 dium
668 1041 884 1097 Divinae
906 1040 1130 1111 litterae,
1162 1041 1397 1097 Decreta
1426 1039 1814 1118 conciliorum,
1848 1037 2055 1113 scripta

476 1141 811 1200 Sanctorum
861 1143 1092 1200 Patrum
1141 1142 1427 1219 praecipue
1469 1142 1815 1199 Graecorum.
1863 1140 1945 1196 Ex
1986 1139 2054 1196 iis

474 1245 1002 1323 omnibusvliquido
1047 1244 1495 1302 demonstratum
1529 1243 1637 1300 fuit
1672 1239 2054 1320 agnoscendas

473 1370 596 1409 esse
629 1349 770 1407 duas
806 1350 866 1405 in
902 1348 1123 1406 Christo
1155 1356 1385 1404 naturas
1422 1347 1481 1401 in
1518 1365 1630 1402 una
1669 1344 1843 1425 Verbi
1878 1341 2056 1399 divini

472 1472 713 1532 persona
749 1451 1153 1522 subsistentes3
1196 1470 1299 1507 nec
1335 1459 1480 1507 stare
1515 1447 1674 1504 aliter
1708 1464 1874 1523 posse
1908 1451 2057 1521 mys-

474 1555 681 1612 terium
731 1554 1155 1611 Incarnationis.
1211 1551 1520 1608 Haerebant
1571 1550 1776 1628 Cophti
1822 1558 1877 1606 et
1917 1556 2057 1603 tam-

476 1677 650 1735 quam
699 1656 771 1713 ad
808 1676 895 1713 res
937 1655 1210 1712 hactenus
1252 1653 1534 1710 inauditas
1572 1651 1900 1729 stupebant.
1939 1649 2058 1707 Nec

475 1762 726 1817 mirum:
776 1759 990 1836 quippe
1022 1756 1237 1813 indocti
1281 1775 1345 1812 ac
1387 1775 1556 1813 sacrae
1601 1755 1844 1813 scientiae
1887 1751 2056 1830 plane

475 1862 667 1922 rudes.
704 1861 938 1919 Illorum
971 1858 1292 1916 Patriarcha
1327 1878 1398 1914 ne
1433 1857 1619 1935 legere
1653 1856 1886 1933 quidem
1923 1853 2057 1912 satis

477 1964 774 2025 commode
804 1972 1055 2042 poteratz,
1089 1961 1350 2040 Episcopi
1390 1980 1505 2017 non
1534 1969 1694 2018 erant
1715 1958 1896 2016 multo
1927 1958 2058 2014 doc-

475 2071 665 2128 tiores.
708 2069 851 2127 Cum
889 2065 1031 2123 nihil
1059 2065 1336 2122 haberent
1370 2062 1526 2140 quod
1567 2061 1911 2139 argumentis
1944 2068 2056 2116 tam

476 2172 791 2252 perspicuis
828 2167 1271 2247 responderent7
1312 2186 1376 2223 eo
1407 2165 1680 2222 devenere
1715 2173 1778 2221 ut
1808 2162 2058 2220 dicerent

477 2295 536 2335 se
559 2275 718 2332 aliter
740 2294 772 2330 a
796 2271 1106 2349 majoribus
1128 2270 1412 2327 institutos
1434 2313 1448 2341 7
1476 2288 1508 2324 a
1536 2286 1780 2344 quorum
1803 2265 2058 2322 doctrina

478 2388 695 2437 certum
733 2376 841 2434 sibi
885 2382 1030 2432 esset
1071 2391 1385 2449 numquam
1423 2370 1732 2428 discedere.
1785 2368 1927 2426 Cum
1967 2387 2058 2424 ur-

478 2489 676 2560 gerent
722 2479 951 2549 Patres,
1002 2486 1057 2534 et
1107 2474 1574 2533 consuetudinem
1619 2473 1738 2530 sine
1792 2472 2052 2542 veritate,

479 2583 635 2640 aliud
668 2582 810 2639 nihil
853 2600 973 2639 esse
1007 2579 1110 2635 nisi
1150 2596 1394 2635 errorem
1441 2584 1771 2633 consuetum
1807 2584 1862 2630 et
1901 2582 2056 2629 vetn-

480 2696 631 2745 stum
673 2683 1067 2754 ostenderent,
1112 2679 1331 2739 solutus
1374 2689 1458 2736 est
1493 2688 1669 2736 coetus
1706 2685 1761 2733 et
1791 2676 1850 2731 in
1885 2674 2051 2730 aliam

480 2791 629 2848 diem
664 2793 922 2865 rejectus.
960 2787 1171 2843 Iterum
1217 2803 1347 2861 ergo
1380 2784 1728 2859 disputatum
1775 2779 1973 2835 acriter
2003 2786 2058 2834 et

480 2893 612 2964 diu3
657 2892 831 2968 idque
872 2888 1099 2946 tandem
1136 2896 1418 2945 extortum
1466 2893 1529 2941 ut
1572 2883 1879 2940 faterentur
1928 2880 2054 2939 illos

477 3014 696 3067 errare7
743 2994 1091 3070 quicumque
1133 3009 1306 3048 unam
1340 2997 1562 3045 tantum
1598 2987 1658 3042 in
1694 2985 1916 3043 Christo
1960 3004 2055 3040 na-

476 3109 663 3156 turam
709 3116 829 3154 esse
870 3094 1141 3152 dicerent.
1189 3092 1266 3148 Ut
1316 3100 1503 3148 autem
1556 3089 1698 3146 duas
1747 3089 1806 3144 in
1855 3085 2052 3144 eodem

479 3203 700 3263 Christo
750 3210 978 3259 naturas
1026 3198 1135 3277 ipsi
1176 3203 1569 3275 agnoscerent,
1613 3189 1848 3272 perpelli
1893 3208 2054 3246 num-
