2147 3489
448 218 566 278 184
1112 243 1354 281 EPJTOME

443 341 700 399 machina
729 344 789 400 in
823 343 1010 403 Socios
1040 345 1376 405 parisienses
1406 348 1695 406 universos
1725 369 2019 429 compara-

442 443 634 501 batur.
690 445 980 524 Proposita
1030 447 1140 506 illis
1197 458 1280 506 est
1330 450 1698 527 jurisjurandi
1756 453 2018 531 quaedam

437 543 682 603 formula
720 546 791 605 de
824 548 1097 626 obsequio
1127 551 1265 626 Regi
1294 553 1613 627 praestando
1634 598 1647 625 7
1683 563 1738 611 et
1767 554 1838 613 de
1861 555 2020 634 abju-

438 647 630 706 randis
651 648 962 709 foederibus
992 662 1047 709 et
1078 652 1416 710 coitionibus
1460 665 1650 712 contra
1681 657 1869 734 ipsum
1897 659 2020 735 qui-

439 750 717 811 buslibet.
759 755 918 811 Hanc
959 754 1261 813 formulam
1299 757 1593 815 nonnullae
1628 759 2018 837 religiosorum

440 854 689 911 virorum
724 855 951 913 familiae
992 858 1350 917 subscribere
1392 850 1708 938 negabant,
1743 864 1874 940 quia
1903 864 2025 921 Rex

439 957 697 1015 nondum
744 959 962 1018 solutus
1013 981 1043 1017 a
1080 961 1351 1019 Pontifice
1394 961 1577 1020 fuerat
1613 964 1850 1023 vinculis
1887 985 2026 1022 ana-

440 1059 724 1133 themati33
752 1063 963 1139 quibus
987 1063 1062 1120 ob
1085 1063 1341 1121 haeresim
1366 1065 1671 1125 obstrictus
1694 1068 2016 1125 tenebatur.

438 1161 567 1219 Non
595 1162 934 1221 dubitarunt
965 1165 1301 1238 adversarii,
1341 1168 1482 1244 quin
1525 1169 1784 1226 eamdem
1816 1169 2026 1227 formu-

435 1261 549 1320 lam
581 1264 771 1323 Patres
794 1267 1179 1343 repudiarent.
1221 1266 1293 1324 At
1323 1267 1404 1325 illi
1435 1269 1507 1327 de
1530 1271 1804 1328 sententia
1834 1270 2025 1348 Legati

436 1364 595 1424 Sedis
619 1366 956 1444 Apostolicae
979 1369 1429 1447 responderunt,
1470 1391 1529 1429 se
1558 1372 1630 1429 ad
1665 1373 2026 1431 subscriben-

435 1467 577 1525 dum
636 1489 755 1527 esse
816 1472 1219 1548 paratissimos.
1288 1474 1413 1546 Quo
1474 1493 1742 1551 responso
1804 1475 2025 1531 attoniti

436 1571 670 1645 siluere,
716 1575 813 1650 qui
849 1594 963 1630 non
1001 1574 1289 1632 fidelitatis
1318 1575 1630 1652 probandae
1662 1575 1850 1633 iocum
1872 1621 1886 1650 ,
1924 1575 2024 1634 sed

434 1675 721 1752 irrogandi
745 1696 969 1734 causam
993 1677 1138 1735 exilii
1163 1678 1515 1756 quaerebant.
1542 1679 1678 1737 Haec
1698 1679 1808 1738 illis
1829 1679 2020 1737 oblata

439 1786 644 1854 praeter
673 1797 830 1855 spem
854 1798 1002 1835 anno
1034 1782 1290 1856 sequenti
1321 1780 1448 1838 fuit.

194 1891 407 1965 Don3icilfa
608 1878 872 1958 Apertius
913 1883 1158 1959 agebant
1190 1885 1248 1940 in
1283 1883 1473 1962 Belgio
1505 1883 1718 1957 Batavi⁷
1752 1884 2019 1942 nimirum

108 1957 343 2076 {13³3ng
365 1971 407 2064 :2
443 1984 502 2040 in
532 1986 771 2062 patriam
814 1996 871 2043 et
901 1988 1045 2044 avita
1081 2008 1235 2046 sacra
1261 1989 1556 2066 conjurati.
1586 1988 1870 2065 Groninga
1896 1996 2025 2066 post

104 2088 281 2132 Mexico.
445 2086 771 2145 diuturnam
823 2089 1179 2149 obsidionem
1222 2093 1416 2169 potiti7
1472 2093 1804 2150 Societatem
1856 2095 2027 2169 ejece-

441 2201 576 2249 runt
609 2213 737 2270 quae
781 2193 1012 2270 Collegii
1049 2195 1203 2250 initia
1234 2204 1363 2252 ante
1391 2215 1567 2253 annos
1600 2204 1843 2273 quatuor
1871 2214 1936 2251 ea
1966 2195 2025 2251 in

443 2294 673 2352 civitate
698 2306 982 2372 posuerat.
1025 2296 1253 2354 Cladem
1281 2296 1428 2353 hanc
1458 2297 1713 2374 pensavit
1741 2297 1798 2352 in
1823 2295 2029 2354 eodem

441 2396 632 2474 Belgio
677 2397 987 2476 Collegium
1033 2399 1533 2477 Luxemburgense
1576 2399 1932 2472 restitutum,
1972 2408 2029 2457 et

442 2501 551 2559 alia
586 2503 848 2579 quaedam
881 2503 1163 2560 domicilia
1191 2524 1292 2581 per
1317 2502 1581 2560 eumdem
1620 2491 1831 2558 annum
1862 2509 2023 2573 nata,

443 2605 765 2679 Cremonae,
824 2606 1046 2677 Imolae‚
1100 2606 1298 2679 Setiae,
1361 2605 1778 2664 Calatanissetae
1822 2611 1876 2659 et
1920 2601 2025 2659 Pa-

440 2708 645 2764 normi.
674 2708 962 2765 Mexicano
987 2708 1219 2787 collegio
1243 2708 1504 2764 additum
1534 2715 1618 2763 est
1648 2705 2023 2761 Seminarium

441 2808 803 2866 instituendae
838 2812 1124 2886 juventuti
1182 2809 1527 2869 Americanae
1583 2829 1594 2863 ε
1647 2806 2025 2884 Tepozotlana

442 2910 602 2969 sedes
633 2911 836 2988 partim
862 2912 1241 2989 Hispanorum
1267 2910 1557 2982 subsidiis,
1584 2910 1789 2986 partim
1808 2908 2026 2985 collegii

442 3015 716 3074 Mexicani
757 3016 1083 3092 sumptibus
1118 3015 1187 3071 ad
1221 3014 1366 3070 hanc
1401 3012 1551 3070 diem
1589 3011 1772 3069 fuerat
1808 3020 2024 3069 susten-

445 3126 590 3189 tata3
623 3116 798 3174 Indus
821 3115 1026 3174 nobilis
1057 3114 1300 3173 fundum
1330 3115 1531 3173 alendo
1563 3114 1853 3171 Sociorum
1868 3116 2025 3189 justo

450 3240 687 3279 numero
723 3220 1095 3281 necessarium
1133 3219 1468 3297 assignavit,
1510 3228 1566 3276 et
1595 3217 1892 3294 collegium
1924 3215 2027 3272 rite
