2147 3489
471 193 742 230 ms‘romffi
783 192 1101 232 somETAT1s
1143 197 1294 236 JESU.
1587 181 1662 240 57

113 294 330 353 stetisse
368 296 426 351 in
465 296 632 353 armis
676 305 1076 353 memorantur.
1115 295 1162 354 A
1197 297 1472 359 Lusitanis
1507 303 1671 361 amici

114 393 364 470 ipsorum
394 394 758 472 foederatique
799 406 950 453 metu
978 396 1302 475 Quiloangae
1333 400 1667 461 defecerant.

115 492 277 552 Solus
307 497 363 551 in
391 495 503 553 fide
541 497 743 553 mansit
778 497 974 554 Banzae
1011 499 1268 575 regulus,
1311 520 1422 556 non
1453 503 1527 558 ita
1559 506 1667 580 pri-

115 591 243 650 dem
262 595 581 654 Christianis
611 599 778 655 sacris
806 600 1086 672 initiatuS,
1120 610 1174 657 et
1200 602 1418 678 triginta
1445 622 1673 662 suorum

113 697 286 753 millia
314 697 622 770 Lusitanis,
657 699 820 776 longe
848 702 1230 778 paucioribus,
1264 705 1468 779 junxit.
1505 704 1674 761 Com-

112 798 341 854 missum
402 809 485 856 est
538 801 795 876 praelium
861 814 1059 879 quarto
1110 806 1297 863 Nonas
1360 806 1667 864 Februarii.

112 899 380 958 Hortatus
422 901 712 960 Lusitanos
749 903 814 960 P.
848 904 1136 962 Balthazar
1175 907 1451 979 Barreira,
1485 907 1673 965 Mariae

113 999 352 1077 Virginis
408 1022 646 1077 nomen,
710 1006 799 1061 cui
847 1025 1000 1064 sacer
1047 1007 1164 1065 dies
1214 1008 1519 1084 agebatur,
1571 1028 1673 1086 pro

113 1113 318 1163 tessera
362 1109 632 1185 signoque
682 1109 905 1166 militari
955 1109 1129 1167 dedit.
1175 1110 1300 1187 Ipse
1337 1109 1408 1165 ad
1448 1130 1675 1186 precan-

115 1205 254 1263 dum
285 1227 343 1265 se
370 1210 640 1286 recipiens
670 1211 912 1268 victoriae
941 1232 1070 1288 pars
1110 1211 1282 1269 fuisse
1319 1231 1520 1287 magna
1561 1230 1674 1267 non

111 1308 389 1367 immerito
422 1313 663 1370 creditus
698 1324 801 1372 est.
839 1316 1059 1391 Quippe
1083 1315 1301 1371 tamdiu
1335 1313 1472 1370 dum
1495 1315 1673 1371 insta-

111 1409 212 1467 hat
240 1413 502 1485 orationi,
537 1413 751 1470 tamdiu
781 1413 1092 1472 Christiana
1119 1434 1207 1472 res
1237 1424 1354 1471 erat
1385 1415 1668 1491 superior:

112 1512 157 1570 si
184 1513 589 1588 paulummodo
621 1525 888 1589 cessaret,
932 1516 1153 1573 redibat
1193 1516 1368 1573 hostis
1397 1518 1573 1572 acrior
1603 1515 1675 1573 ad

108 1633 395 1690 pugnam,
451 1625 505 1671 et
547 1617 786 1673 vicissim
837 1617 1116 1674 vincebat.
1173 1616 1395 1694 Insigne
1438 1617 1676 1674 victricis

109 1719 441 1795 precationis
484 1718 920 1792 documentum,
967 1730 1021 1776 et
1062 1718 1280 1796 pridem
1312 1738 1429 1774 aevo
1466 1718 1675 1796 Moysis

112 1818 479 1876 celebratum.
515 1821 655 1878 Caesi
685 1820 974 1897 fugatique
1002 1821 1227 1877 barbari
1261 1840 1484 1898 campos
1517 1821 1676 1878 cada-

113 1920 342 1978 veribus
393 1931 846 1995 constraverunt,
899 1942 963 1978 ac
1014 1922 1256 1979 subinde
1299 1923 1461 1978 variis
1504 1922 1675 1977 attriti

113 2021 371 2079 cladibus
401 2024 680 2099 quievere.
715 2022 960 2080 Accessit
994 2023 1063 2079 ad
1102 2024 1345 2080 victoriae
1383 2022 1675 2080 cumulum

111 2122 413 2199 Angrensis
457 2124 673 2200 collegii
702 2126 1000 2182 restitutiO.
1043 2124 1088 2182 A
1117 2125 1395 2183 Lusitanis
1437 2124 1557 2181 haec
1586 2125 1676 2180 in-

110 2226 233 2283 sula
262 2227 600 2297 desciverat,
636 2226 733 2284 scd
768 2227 840 2283 ab
876 2229 941 2284 iis
973 2227 1140 2304 paulo
1175 2238 1302 2306 post
1328 2236 1550 2306 recepta
1572 2271 1587 2299 ,
1623 2236 1678 2284 et

113 2328 421 2405 Collegium
453 2328 706 2385 Societati
731 2329 1014 2387 redditum
1033 2339 1136 2387 est.
1668 2402 1673 2410 ι

281 2432 459 2502 Quem
491 2432 604 2487 suis
634 2431 909 2487 Lusitanis
954 2430 1302 2507 triumphum
1339 2439 1527 2487 sancte
1557 2448 1677 2506 pre-

115 2533 294 2592 cando
325 2534 542 2610 peperit
564 2533 627 2589 P.
648 2533 917 2605 Barreira,
944 2532 1094 2589 hunc
1125 2533 1230 2590 sibi
1255 2533 1318 2589 P.
1339 2533 1675 2609 Rodulphus

114 2634 400 2712 Aquaviva
439 2632 652 2691 fortiter
702 2634 953 2691 cadendo
997 2635 1355 2711 comparavit.
1402 2633 1448 2692 A
1491 2634 1676 2711 Mogo-

113 2736 233 2793 lum
259 2736 596 2812 Imperatore
627 2736 717 2792 vix
749 2736 1011 2794 dimissus
1033 2735 1059 2761 *
1083 2736 1457 2793 Salsettanum
1485 2735 1672 2793 Colle-

117 2839 270 2916 gium
301 2837 608 2913 regendum
647 2848 952 2915 acceperat.
993 2839 1088 2896 Est
1118 2839 1348 2897 Salsetta
1383 2837 1677 2916 peninsula

120 2957 296 3017 prope
329 2939 501 2994 Goam
533 2940 730 3015 exigua
751 2985 766 3013 ,
800 2941 899 2997 sed
937 2942 1074 2999 mire
1110 2942 1260 3000 ferax
1281 2987 1295 3015 ,
1333 2943 1406 2998 ita
1430 2951 1492 2998 ut
1517 2960 1676 2998 sexa-

119 3041 271 3117 ginta
302 3040 594 3097 minimum
629 3051 884 3099 numeret
914 3063 1085 3120 pagos
1107 3089 1120 3116 ,
1154 3053 1208 3100 et
1235 3043 1542 3099 incolarum
1564 3060 1677 3097 non

122 3142 309 3200 minus
332 3142 607 3217 octoginta
629 3144 823 3202 millia.
851 3144 915 3202 In
936 3165 1049 3202 uno
1071 3165 1136 3203 ex
1161 3144 1271 3202 illis
1291 3143 1447 3220 pagis
1466 3186 1480 3216 ,
1507 3162 1675 3219 quem

1768 2455 2001 2509 Rodulphus

1715 2521 1914 2574 Aquaviva
1935 2520 2012 2562 for·

1715 2585 1807 2625 titer
1825 2585 1930 2626 cadit
1942 2616 1954 2639 ,

1715 2742 1734 2760 '⁴
1749 2755 1866 2784 armo
1888 2743 2008 2785 1580.
