2147 3489
412 152 684 191 HISTORIAE
725 152 1044 189 SOClETATIS
1086 154 1216 192 JESU
1227 179 1238 190 .
1532 133 1610 193 63

55 262 200 308 coctu
236 263 362 310 ante
382 254 670 309 biennium
702 252 923 325 deciSa,
965 253 1347 313 vehementius
1376 257 1613 316 redinte-

54 365 206 430 grata
238 368 451 415 estnon
481 357 597 413 sine
621 358 770 432 gravi
796 356 1233 433 perturbatione.
1267 357 1460 434 Itaque
1489 361 1616 418 Per-

53 459 242 515 sonius
269 457 620 535 Haywodum
644 459 699 513 in
725 457 959 513 Galliam
992 458 1339 514 evocandum
1364 462 1612 534 censuit,

55 561 334 618 submisso
375 560 431 615 in
477 562 596 635 ejus
645 559 832 616 locum
876 559 938 614 P.
975 557 1275 615 Guillelmo
1321 560 1610 617 WestonO.

54 662 181 719 Jam
218 660 586 717 invehebatur
629 662 686 717 in
721 671 947 738 portum
988 660 1217 729 Galliae,
1265 682 1392 717 cum
1430 662 1619 718 subito

55 764 210 820 navis
243 763 474 820 adverso
509 773 674 820 vento
702 763 925 840 repulsa
964 765 1020 819 in
1059 763 1313 841 Angliam
1349 773 1467 821 est:
1502 765 1622 841 ipse

54 864 306 939 agnitus,
360 874 416 921 et
465 866 521 921 in.
574 885 848 922 carcerem
891 866 1198 941 abrcp‘tUS,
1252 885 1427 923 annos
1476 884 1623 922 com-

55 964 246 1041 plures
293 966 351 1021 in
401 966 682 1038 tenebris,
734 965 911 1038 fame,
966 966 1240 1038 vinculis,
1287 968 1496 1043 jacuit,
1550 967 1625 1023 ad

55 1077 364 1124 extremum
390 1088 569 1145 usque
606 1069 862 1144 spiritum
891 1070 1130 1128 invictus
1151 1115 1165 1142 ,
1203 1080 1373 1147 atque
1401 1072 1461 1126 in
1489 1070 1626 1127 Fide

61 1169 361 1241 catholica,
400 1179 454 1226 et
490 1169 758 1228 Societate
803 1182 1082 1228 constans.
1125 1170 1213 1229 Ab
1246 1181 1484 1248 utraque
1527 1191 1628 1250 per

57 1269 206 1326 idem
255 1280 475 1347 tempus
519 1271 872 1329 desciverunt
918 1273 1353 1349 Christophorus
1395 1272 1627 1330 Perchi-

58 1390 196 1442 nus,
237 1381 293 1427 et
328 1371 571 1430 Thomas
606 1373 976 1448 Landgallus,
1014 1394 1116 1430 nec
1152 1373 1288 1429 nihil
1327 1374 1625 1429 turbarum

56 1482 113 1530 et
148 1475 379 1550 periculi
418 1476 861 1546 concitaverant,
904 1483 966 1530 ut
1016 1493 1135 1530 mos
1179 1475 1296 1530 istis
1340 1474 1631 1531 desertori-

61 1574 171 1632 bus
208 1596 219 1631 :
255 1586 639 1633 verumtamen
674 1576 832 1633 brevi
875 1575 1168 1632 hominum
1211 1575 1408 1634 levitas
1451 1585 1505 1634 et
1537 1597 1631 1634 ne-

58 1676 233 1751 quitia
262 1686 549 1753 perspecta
571 1686 674 1734 est.

223 1779 333 1849 Qui
382 1779 660 1854 religionis
711 1787 766 1834 et
816 1779 1061 1835 veritatis
1106 1787 1291 1854 partes
1340 1778 1399 1832 in
1449 1777 1630 1834 Scotia

62 1878 476 1952 defendebant,
530 1881 589 1935 in
637 1899 702 1936 eo
752 1880 1106 1956 potissimum
1151 1879 1519 1936 elaborabant
1568 1888 1633 1935 ut

59 1979 257 2036 Scotiae
299 1981 418 2037 Rex
451 1981 640 2038 Mariae
678 1982 914 2037 Stuartae
956 1980 1106 2038 filius
1131 2025 1145 2053 ,
1193 1981 1460 2038 catholica
1506 1981 1634 2038 doc—

61 2084 205 2138 trina
251 2082 445 2140 sedulo
494 2084 912 2153 institueretur,
974 2093 1028 2139 et
1078 2084 1340 2140 maternis
1394 2084 1635 2160 vestigiis

60 2185 356 2242 insisteret.
391 2185 793 2241 Haereticorum
835 2183 1035 2256 factiO,
1079 2185 1366 2241 adnitente
1402 2203 1503 2261 pro
1548 2185 1635 2240 vi-

59 2285 219 2342 ribus
242 2285 596 2359 Elisabetha,
630 2286 754 2344 illos
790 2287 1112 2358 antevertit,
1151 2297 1205 2343 et
1234 2306 1419 2362 regem
1457 2286 1636 2361 regni-

66 2407 177 2462 que
213 2386 782 2461 administrationem,
822 2390 929 2446 sibi
966 2390 1279 2474 vindicavit.
1334 2389 1534 2446 Incidit
1576 2390 1635 2445 in

61 2490 360 2567 impiorum
395 2512 594 2549 manus
616 2492 678 2548 P.
708 2492 1043 2549 Guillelmus
1068 2493 1306 2562 Holtus3
1349 2492 1446 2550 sed
1470 2491 1633 2548 illum

64 2593 217 2666 Rex,
270 2594 603 2671 deprecante
655 2595 1108 2652 Christianissimi
1149 2595 1314 2670 Regis
1364 2594 1631 2665 Oratore,

65 2695 124 2750 in
179 2695 495 2753 libertatem
554 2697 808 2754 asseruit.
866 2697 1006 2754 Cum
1060 2697 1280 2752 interim
1324 2696 1496 2752 Maria
1544 2694 1637 2750 Sa-

68 2797 346 2854 cerdotem
391 2798 676 2855 Societatis
717 2800 875 2855 enixe
925 2798 1270 2875 postularet,
1307 2798 1521 2854 aditum
1564 2795 1638 2851 ad

24 2935 34 2940 -
66 2916 187 2953 eam
217 2898 460 2971 invenit,
494 2900 806 2958 occultatus
847 2901 1073 2957 nomine
1108 2909 1163 2956 et
1203 2909 1400 2955 ornatu
1435 2897 1635 2954 medici

67 2999 131 3055 P.
162 2999 434 3057 Henricus
457 3002 766 3072 Samerins,
795 3004 958 3078 eique
987 3002 1201 3078 aliquot
1230 3019 1404 3056 annos
1435 3014 1635 3072 magno

70 3100 141 3156 ad
189 3101 446 3178 pietatem
489 3101 595 3158 fuit
646 3103 992 3179 adjumento
1037 3105 1243 3160 Verum
1295 3101 1534 3158 sentiens
1578 3115 1638 3154 sc

1664 1386 1742 1426 duo
1754 1381 1957 1423 deficiunt.

1723 1786 1769 1825 In
1789 1781 1965 1825 Scotiam

1669 1851 1717 1891 P.
1766 1846 1967 1889 Samerius

1669 1919 1867 1968 penetrat.
