2282 3489
247 870 287 905 et
318 877 489 918 regnum

248 929 503 984 Angolanum

579 225 661 282 22
1242 245 1481 283 EPITOME

580 346 867 424 depravati
892 367 1018 405 cum
1043 349 1264 425 pietatis
1301 350 1613 407 sinceritate
1641 369 1822 411 mores
1851 351 1923 407 ad
1953 351 2141 427 pristi-

576 468 707 505 nam
751 460 882 508 sunt
923 452 1293 528 integritatem
1337 453 1597 509 revocati.
1638 453 1835 510 Graecii
1877 472 2139 529 quoque7

577 548 800 628 (Styriae
835 554 1095 630 primaria
1140 554 1331 610 civitas
1373 553 1479 630 est)
1521 554 1579 609 in
1610 539 1899 612 'conventu
1942 573 2142 631 proce-

576 672 738 728 rum,
773 675 936 712 causa
967 634 1248 731 religionis
1282 654 1390 711 fuit
1428 665 1619 714 contra
1654 659 1912 715 novitatis
1947 656 2146 714 defen-

579 775 730 815 sores
751 802 764 829 7
797 777 827 812 a
859 757 1029 814 Sociis
1060 766 1435 834 propugnata.

743 858 949 915 Eadem
981 869 1036 915 et
1057 869 1360 936 propagata
1378 903 1392 931 v
1426 867 1481 916 et
1506 857 1732 916 defensa
1758 858 1864 915 fuit
1893 861 1951 915 in
1973 878 2145 936 regno

578 958 905 1034 Angolano‚
943 970 1065 1018 tum
1111 980 1244 1018 voce
1280 981 1380 1038 per
1423 961 1643 1032 Socios7
1683 971 1803 1017 tum
1847 961 2015 1018 armis
2049 980 2150 1037 per

577 1059 891 1120 Lusitanos.
930 1062 1095 1135 Quod
1127 1063 1413 1140 geminum
1446 1062 1784 1121 defensionis
1813 1082 1990 1140 genus
2020 1081 2149 1118 cum

577 1163 815 1222 alterum
878 1165 1036 1222 alteri
1086 1165 1447 1242 adjungitur,
1501 1174 1555 1221 et
1605 1167 1781 1222 amice
1831 1166 2147 1241 conspirat7

578 1266 780 1325 melius
824 1268 1011 1323 omnia
1061 1267 1392 1344 faciliusque
1437 1266 1766 1325 succedunt.
1813 1267 1989 1325 Multa
2035 1267 2153 1324 Rex

580 1369 812 1446 Angolae
849 1369 1162 1443 Lusitanis7
1201 1391 1265 1427 ac
1303 1372 1612 1448 praesertim
1658 1371 1904 1429 celebres
1940 1372 2151 1447 argenti

580 1470 824 1544 fodinas7
858 1473 1209 1548 promiserat.
1238 1473 1539 1530 Immemor
1561 1475 1851 1551 promissi,
1884 1473 2156 1531 ductabat

580 1571 706 1630 illos
743 1573 964 1647 verbis⁷
1007 1583 1064 1632 et
1113 1575 1311 1632 confici
1355 1576 1567 1634 morbis
1615 1587 1785 1654 atque
1819 1577 1993 1634 aestivi
2029 1575 2154 1632 coeli

579 1677 886 1754 gravitate„
925 1677 1091 1734 laetus
1128 1677 1377 1735 videbat.
1418 1678 1630 1736 Offensi
1667 1678 1906 1756 perfidia
1936 1677 2153 1735 bellum

581 1778 889 1856 parabant,
937 1800 1065 1836 cum
1117 1799 1452 1839 numerosus
1504 1790 1559 1837 et
1601 1781 1938 1857 improvisus
1980 1779 2155 1836 hostis

581 1881 837 1940 incautos
880 1881 1151 1939 adoritur.
1200 1883 1409 1940 Verum
1454 1882 1549 1940 ille
1584 1903 1699 1940 non
1739 1883 2002 1962 repulsus
2039 1891 2158 1939 tan-

582 1992 738 2056 tum,
773 1983 870 2042 sed
906 1985 1116 2061 ingenti
1149 1984 1385 2043 affectus
1417 1984 1575 2042 clade
1596 2030 1610 2058 a
1648 2006 1713 2042 ac
1742 2006 1936 2063 pacem
1968 1994 2158 2063 petere

583 2094 809 2143 coactus
832 2095 936 2143 est.
966 2087 1102 2144 Haec
1122 2088 1350 2144 victoria
1373 2086 1737 2144 famulantem
1759 2132 1773 2158 7
1807 2097 1863 2144 et
1898 2089 2159 2145 constric-

583 2197 698 2244 tam
742 2197 903 2245 antea
951 2189 1143 2246 veluti·
1168 2189 1529 2266 religionem.
1584 2190 1637 2246 in
1682 2189 1998 2246 libertatem
2041 2190 2159 2246 vin-

583 2290 810 2348 dicavit.
871 2292 1038 2348 Facta
1096 2291 1302 2350 Christi
1363 2291 1630 2363 ministris
1685 2301 1931 2369 potestas
1983 2294 2159 2368 major

586 2391 857 2466 docendi,
893 2412 1152 2451 concessa
1187 2397 1363 2471 major
1394 2395 1715 2452 auctoritas.
1744 2393 1940 2471 Itaque
1963 2393 2159 2450 Banzae

586 2496 855 2573 regulus7
901 2505 957 2554 et
1000 2497 1167 2574 Regis
1214 2495 1486 2574 Angolani
1534 2497 1723 2570 Socer7
1776 2495 2046 2573 dignitate
2095 2514 2160 2551 ac

589 2598 857 2675 sapientia
888 2598 1225 2676 praepollens
1249 2644 1262 2672 7
1289 2619 1401 2656 una
1425 2619 1553 2656 cum
1576 2598 1693 2655 filio
1714 2643 1728 2670 a
1759 2596 2160 2673 nonnullisque

589 2703 917 2779 proceribus
964 2703 1273 2760 Christiana
1318 2702 1563 2778 suscepit
1606 2720 1778 2758 sacra.
1828 2698 2158 2776 Complures

589 2803 727 2862 alios
778 2807 860 2863 vis
903 2805 1176 2883 exempli,
1223 2824 1352 2882 quae
1396 2803 1544 2860 omni
1592 2811 1923 2879 argumento
1965 2800 2160 2856 fortior

589 2916 709 2980 est.
756 2908 829 2964 ad
865 2908 1202 2965 imitandum
1247 2908 1470 2964 induxit
1507 2928 1518 2963 :
1553 2927 1616 2963 ac
1643 2927 1760 2983 prae
1795 2905 2007 2961 caeteris
2044 2904 2160 2961 Mo-

590 3010 814 3067 cumbae
857 3011 1137 3087 Regulum
1162 3055 1176 3084 7
1229 3011 1327 3087 qui
1376 3019 1441 3066 ut
1482 3027 1703 3064 omnem
1742 3006 2155 3075 inconstantiae.

591 3134 704 3191 qua
727 3113 896 3191 vulgo
926 3114 1185 3171 laborant
1215 3112 1443 3170 barbari
1464 3156 1477 3182 a
1511 3111 1829 3188 opinionem
1860 3119 1915 3166 et
1945 3119 2157 3165 metum

593 3216 855 3275 Patribus
907 3217 1184 3287 demeret.
1238 3215 1387 3272 idola
1438 3215 1652 3293 pridem
1708 3235 1738 3270 a
1791 3233 1847 3271 se
1900 3212 2155 3275 adorata.
