2147 3489
495 167 766 210 His‘romffi
807 163 1127 202 soc1ETAT1s
1171 162 1320 199 Jsssu.
1573 136 1690 196 303

134 278 401 359 populata
431 276 582 345 lues,
616 271 901 328 materiam
935 266 1207 323 illustrem
1248 282 1409 338 aeque
1449 282 1512 318 ac
1550 260 1695 317 diffi-

139 384 299 441 cilem
331 382 480 438 illius
517 375 798 455 patientiae
828 380 883 427 et
918 367 1171 425 charitati
1201 364 1374 422 dedit.
1404 363 1522 419 Hoc
1550 361 1694 418 facto

131 485 415 563 periculo,
466 481 814 553 decursoque
851 472 1100 530 tirocinio
1122 515 1135 542 ,
1182 488 1309 526 cum
1343 486 1442 543 per
1475 475 1695 521 aetatem

135 607 200 643 ac
234 588 493 643 virtutem
538 591 790 638 maturus
834 576 987 653 operi
1030 569 1357 647 Evangelico
1387 567 1691 637 videretur,

134 689 429 764 impositus
464 694 547 741 est
577 683 837 758 Hispanae
873 675 1055 747 classi,
1097 673 1167 729 ad
1199 669 1482 728 ferendam
1515 666 1698 723 catho-

136 789 254 846 licis
305 786 496 862 Anglis
539 803 701 861 opem
755 782 1062 837 instructae.
1120 772 1353 849 Hispani
1402 769 1602 826 milites
1642 768 1701 822 in

138 890 463 947 Hiberniam
499 884 762 962 expositi,
809 900 990 937 arcem
1032 875 1486 950 Dombugensem
1531 889 1702 927 occu-

137 1000 434 1068 paverant,
479 1007 607 1044 cum
638 985 710 1042 ad
740 1004 860 1042 eam
898 978 1269 1038 obsidendam
1308 983 1535 1052 repente
1566 973 1702 1029 hos-

138 1093 281 1148 tium
347 1088 627 1166 religionis
686 1087 830 1143 acies
890 1082 1189 1141 concurrit.
1250 1078 1357 1133 Par
1423 1073 1703 1133 obsidioni

139 1192 442 1250 tolerendae
471 1190 626 1247 locus
661 1207 772 1244 non
802 1195 949 1258 erat,
984 1203 1167 1260 neque
1198 1202 1227 1238 a
1257 1189 1486 1250 natura,
1519 1195 1704 1254 neque

138 1294 213 1350 ab
264 1302 380 1350 arte
431 1292 561 1350 satis
610 1290 880 1345 munitus.
929 1286 1138 1343 Pacisci
1198 1282 1408 1361 placuit
1456 1280 1703 1337 honestis

141 1394 577 1452 conditionibus.
622 1391 711 1449 Ad
755 1387 1174 1466 transigendum
1211 1405 1338 1442 cum
1383 1381 1577 1458 Anglis
1614 1380 1708 1437 de-

136 1499 329 1574 ligitur
388 1495 676 1553 Ocolinus.
741 1492 881 1549 Arce
939 1488 1159 1559 dedita,
1220 1487 1407 1543 hostes
1470 1490 1709 1560 parcunt

138 1597 399 1677 praesidio
422 1640 436 1668 ,
477 1605 533 1652 et
572 1593 897 1670 oppidanis,
934 1590 1198 1660 OcolinO,
1238 1606 1408 1663 quem
1437 1593 1626 1640 tutum
1655 1591 1711 1640 et

138 1698 478 1757 incolumem
514 1704 778 1772 praestare
813 1696 908 1769 jus
946 1691 1228 1767 gentium,
1273 1696 1329 1743 et
1367 1694 1529 1762 pacta
1569 1683 1711 1742 fides

143 1801 425 1873 debebat,
471 1797 726 1875 injiciunt
767 1793 1023 1865 vincula,
1055 1800 1110 1848 et
1146 1798 1373 1846 ovantes
1408 1785 1562 1842 velut
1597 1784 1714 1861 opi-

143 1923 293 1960 mam
329 1900 579 1979 praedam
616 1919 680 1955 ac
734 1897 1067 1954 destinatam
1118 1891 1290 1969 impio
1339 1887 1511 1946 furori
1562 1885 1716 1942 victi-

145 2025 294 2062 mam
325 2003 638 2060 abducunt.
686 2000 818 2056 Post
847 1998 1061 2074 aliquot
1103 2012 1320 2052 menses
1362 1992 1421 2047 in
1459 1989 1713 2048 custodia

144 2106 465 2178 traductos,
507 2104 785 2179 Corcagiae
818 2100 1150 2178 producitur
1188 2097 1261 2154 ad
1295 2095 1549 2152 tribunal
1585 2095 1715 2151 Pro-

145 2210 321 2284 regis,
354 2229 418 2264 ac
460 2207 653 2284 paucis
697 2207 1071 2279 interrogatur
1121 2222 1132 2256 :
1177 2219 1308 2255 nam
1354 2200 1411 2254 in
1459 2198 1714 2274 religiosa

146 2315 267 2388 ejus
298 2322 448 2368 veste
479 2311 687 2367 crimen
716 2308 892 2385 ipsius
924 2302 1153 2362 abunde
1181 2298 1504 2378 legebatur,
1538 2317 1716 2375 eaque

146 2415 380 2472 indutus
404 2412 657 2470 consulto
687 2411 998 2488 prodierat,
1025 2426 1094 2463 ne
1116 2404 1253 2481 quid
1279 2402 1441 2458 alieni
1471 2399 1715 2457 criminis

150 2517 314 2574 dolus
337 2514 426 2572 vel
448 2513 778 2591 improbitas
802 2510 1245 2568 adversariorum
1270 2505 1375 2563 sibi
1399 2505 1711 2580 affingeret.

150 2619 437 2675 Fatentem
479 2616 659 2687 ultrO,
707 2634 878 2691 seque
920 2612 1255 2670 catholicum
1300 2620 1355 2667 et
1395 2607 1716 2684 religiosum

153 2719 436 2776 Societatis
477 2718 905 2795 praedicantem,
961 2724 1122 2792 urget
1169 2715 1406 2785 Prorex,
1462 2721 1517 2768 et
1567 2728 1718 2766 nunc

155 2820 680 2898 pollicitationibus,
726 2840 879 2875 nunc
921 2818 1088 2875 minis
1138 2837 1202 2873 ac
1240 2813 1547 2872 terroribus
1590 2830 1718 2887 sup-

156 2923 452 3002 pliciorum
501 2925 699 2999 quatit.
754 2922 868 2979 Ubi
917 2941 1018 2978 nec
1066 2919 1337 2998 promissa
1389 2913 1715 2984 succedere,

157 3045 261 3082 nec
310 3025 487 3082 minas
551 3025 732 3096 videt,
787 3025 1019 3101 repetito
1072 3023 1321 3079 cruciatu
1383 3015 1720 3074 labefactare

158 3136 354 3205 pectus
396 3128 664 3185 invictum
686 3171 701 3199 ,
733 3136 790 3185 at
821 3127 1057 3198 frustra,
1106 3131 1299 3182 tentat.
1336 3120 1719 3194 Quamobrem
