<?xml version="1.0" encoding="UTF-8"?>
<!DOCTYPE html PUBLIC "-//W3C//DTD XHTML 1.0 Transitional//EN"
    "http://www.w3.org/TR/xhtml1/DTD/xhtml1-transitional.dtd">
<html xmlns="http://www.w3.org/1999/xhtml" xml:lang="en" lang="en">
 <head>
  <title>
</title>
<meta http-equiv="Content-Type" content="text/html;charset=utf-8" />
  <meta name='ocr-system' content='tesseract 3.04.00' />
  <meta name='ocr-capabilities' content='ocr_page ocr_carea ocr_par ocr_line ocrx_word'/>
</head>
<body>
  <div class='ocr_page' id='page_1' title='image "./epitomehistoriso03jouv_0149.png"; bbox 0 0 2147 3489; ppageno 0'>
   <div class='ocr_carea' id='block_1_1' title="bbox 459 234 1654 292">
    <p class='ocr_par' dir='ltr' id='par_1_1' title="bbox 459 234 1654 292">
     <span class='ocr_line' id='line_1_1' title="bbox 459 234 1654 292; baseline -0.004 -2"><span class='ocrx_word' id='word_1_1' title='bbox 459 251 731 290; x_wconf 70' lang='lat' dir='ltr'><strong>ms‘romAE</strong></span> <span class='ocrx_word' id='word_1_2' title='bbox 771 250 1094 288; x_wconf 81' lang='lat' dir='ltr'><strong>SOCIETATIS</strong></span> <span class='ocrx_word' id='word_1_3' title='bbox 1136 253 1287 292; x_wconf 79' lang='lat' dir='ltr'><strong>JESU.</strong></span> <span class='ocrx_word' id='word_1_4' title='bbox 1542 234 1654 292; x_wconf 71' lang='grc'><strong>141</strong></span> 
     </span>
    </p>
   </div>
   <div class='ocr_carea' id='block_1_2' title="bbox 91 352 1669 3077">
    <p class='ocr_par' dir='ltr' id='par_1_2' title="bbox 91 352 1669 3077">
     <span class='ocr_line' id='line_1_2' title="bbox 99 352 1661 428; baseline 0.003 -18"><span class='ocrx_word' id='word_1_5' title='bbox 99 353 274 428; x_wconf 81' lang='lat' dir='ltr'><strong>didit,</strong></span> <span class='ocrx_word' id='word_1_6' title='bbox 329 356 374 414; x_wconf 92' lang='lat' dir='ltr'><strong>si</strong></span> <span class='ocrx_word' id='word_1_7' title='bbox 423 355 628 412; x_wconf 86' lang='lat' dir='ltr'><strong>Prorex</strong></span> <span class='ocrx_word' id='word_1_8' title='bbox 682 352 857 409; x_wconf 86' lang='lat' dir='ltr'><strong>Indiae</strong></span> <span class='ocrx_word' id='word_1_9' title='bbox 905 352 1201 412; x_wconf 88' lang='lat' dir='ltr'><strong>Eduardus</strong></span> <span class='ocrx_word' id='word_1_10' title='bbox 1259 354 1538 415; x_wconf 89' lang='lat' dir='ltr'><strong>Menesius</strong></span> <span class='ocrx_word' id='word_1_11' title='bbox 1587 357 1661 414; x_wconf 87' lang='lat' dir='ltr'><strong>ad</strong></span> 
     </span>
     <span class='ocr_line' id='line_1_3' title="bbox 96 455 1661 533; baseline 0.003 -21"><span class='ocrx_word' id='word_1_12' title='bbox 96 474 226 512; x_wconf 87' lang='lat' dir='ltr'><strong>eum</strong></span> <span class='ocrx_word' id='word_1_13' title='bbox 269 455 621 533; x_wconf 87' lang='lat' dir='ltr'><strong>Legationem</strong></span> <span class='ocrx_word' id='word_1_14' title='bbox 664 455 1069 512; x_wconf 89' lang='lat' dir='ltr'><strong>ornatissimam</strong></span> <span class='ocrx_word' id='word_1_15' title='bbox 1120 456 1393 529; x_wconf 80' lang='lat' dir='ltr'><strong>mitteret,</strong></span> <span class='ocrx_word' id='word_1_16' title='bbox 1435 457 1661 518; x_wconf 89' lang='lat' dir='ltr'><strong>honoris</strong></span> 
     </span>
     <span class='ocr_line' id='line_1_4' title="bbox 97 555 1661 632; baseline 0.001 -17"><span class='ocrx_word' id='word_1_17' title='bbox 97 566 154 615; x_wconf 88' lang='lat' dir='ltr'><strong>et</strong></span> <span class='ocrx_word' id='word_1_18' title='bbox 193 559 448 615; x_wconf 82' lang='lat' dir='ltr'><strong>amicitiae</strong></span> <span class='ocrx_word' id='word_1_19' title='bbox 482 575 674 629; x_wconf 74' lang='lat' dir='ltr'><strong>causa,</strong></span> <span class='ocrx_word' id='word_1_20' title='bbox 711 575 912 632; x_wconf 90' lang='lat' dir='ltr'><strong>rogans</strong></span> <span class='ocrx_word' id='word_1_21' title='bbox 956 565 1021 613; x_wconf 93' lang='lat' dir='ltr'><strong>ut</strong></span> <span class='ocrx_word' id='word_1_22' title='bbox 1060 555 1352 613; x_wconf 78' lang='lat' dir='ltr'>Lusitanos</span> <span class='ocrx_word' id='word_1_23' title='bbox 1388 557 1547 615; x_wconf 88' lang='lat' dir='ltr'><strong>solita</strong></span> <span class='ocrx_word' id='word_1_24' title='bbox 1582 559 1661 616; x_wconf 91' lang='lat' dir='ltr'><strong>fo-</strong></span> 
     </span>
     <span class='ocr_line' id='line_1_5' title="bbox 95 657 1662 734; baseline 0.002 -20"><span class='ocrx_word' id='word_1_25' title='bbox 95 678 224 715; x_wconf 85' lang='lat' dir='ltr'><strong>vere</strong></span> <span class='ocrx_word' id='word_1_26' title='bbox 263 657 653 716; x_wconf 83' lang='lat' dir='ltr'><strong>benevolentia</strong></span> <span class='ocrx_word' id='word_1_27' title='bbox 711 667 989 734; x_wconf 74' lang='lat' dir='ltr'><strong>pergeret.</strong></span> <span class='ocrx_word' id='word_1_28' title='bbox 1045 657 1263 715; x_wconf 82' lang='lat' dir='ltr'>Accidit</span> <span class='ocrx_word' id='word_1_29' title='bbox 1311 658 1542 717; x_wconf 84' lang='lat' dir='ltr'><strong>feliciter</strong></span> <span class='ocrx_word' id='word_1_30' title='bbox 1598 670 1662 717; x_wconf 91' lang='lat' dir='ltr'><strong>ut</strong></span> 
     </span>
     <span class='ocr_line' id='line_1_6' title="bbox 97 759 1663 838; baseline 0.003 -22"><span class='ocrx_word' id='word_1_31' title='bbox 97 759 263 838; x_wconf 86' lang='lat' dir='ltr'><strong>legati</strong></span> <span class='ocrx_word' id='word_1_32' title='bbox 296 760 517 837; x_wconf 88' lang='lat' dir='ltr'><strong>Japonii</strong></span> <span class='ocrx_word' id='word_1_33' title='bbox 562 759 634 816; x_wconf 88' lang='lat' dir='ltr'><strong>ad</strong></span> <span class='ocrx_word' id='word_1_34' title='bbox 677 759 1003 816; x_wconf 84' lang='lat' dir='ltr'><strong>Pontificem</strong></span> <span class='ocrx_word' id='word_1_35' title='bbox 1040 760 1358 818; x_wconf 84' lang='lat' dir='ltr'><strong>Romanum</strong></span> <span class='ocrx_word' id='word_1_36' title='bbox 1401 771 1529 820; x_wconf 86' lang='lat' dir='ltr'><strong>ante</strong></span> <span class='ocrx_word' id='word_1_37' title='bbox 1566 782 1663 822; x_wconf 84' lang='lat' dir='ltr'><strong>sex</strong></span> 
     </span>
     <span class='ocr_line' id='line_1_7' title="bbox 97 863 1663 939; baseline 0.004 -21"><span class='ocrx_word' id='word_1_38' title='bbox 97 882 270 920; x_wconf 91' lang='lat' dir='ltr'><strong>annos</strong></span> <span class='ocrx_word' id='word_1_39' title='bbox 312 863 500 935; x_wconf 74' lang='lat' dir='ltr'><strong>missi,</strong></span> <span class='ocrx_word' id='word_1_40' title='bbox 555 871 610 918; x_wconf 90' lang='lat' dir='ltr'><strong>et</strong></span> <span class='ocrx_word' id='word_1_41' title='bbox 658 863 716 917; x_wconf 95' lang='lat' dir='ltr'><strong>in</strong></span> <span class='ocrx_word' id='word_1_42' title='bbox 767 864 1004 939; x_wconf 90' lang='lat' dir='ltr'><strong>patriam</strong></span> <span class='ocrx_word' id='word_1_43' title='bbox 1056 865 1352 923; x_wconf 87' lang='lat' dir='ltr'><strong>redeuntes</strong></span> <span class='ocrx_word' id='word_1_44' title='bbox 1404 867 1663 926; x_wconf 87' lang='lat' dir='ltr'><strong>adessent</strong></span> 
     </span>
     <span class='ocr_line' id='line_1_8' title="bbox 97 963 1663 1043; baseline 0.004 -23"><span class='ocrx_word' id='word_1_45' title='bbox 97 964 251 1037; x_wconf 76' lang='lat' dir='ltr'><strong>Goae,</strong></span> <span class='ocrx_word' id='word_1_46' title='bbox 296 963 418 1021; x_wconf 87' lang='lat' dir='ltr'><strong>vela</strong></span> <span class='ocrx_word' id='word_1_47' title='bbox 467 964 793 1041; x_wconf 86' lang='lat' dir='ltr'><strong>propediem</strong></span> <span class='ocrx_word' id='word_1_48' title='bbox 837 965 894 1021; x_wconf 93' lang='lat' dir='ltr'><strong>in</strong></span> <span class='ocrx_word' id='word_1_49' title='bbox 934 965 1231 1043; x_wconf 86' lang='lat' dir='ltr'><strong>Japoniam</strong></span> <span class='ocrx_word' id='word_1_50' title='bbox 1275 967 1497 1025; x_wconf 87' lang='lat' dir='ltr'><strong>facturi.</strong></span> <span class='ocrx_word' id='word_1_51' title='bbox 1533 969 1663 1026; x_wconf 92' lang='lat' dir='ltr'><strong>Plu-</strong></span> 
     </span>
     <span class='ocr_line' id='line_1_9' title="bbox 93 1065 1666 1146; baseline 0.004 -27"><span class='ocrx_word' id='word_1_52' title='bbox 93 1065 234 1122; x_wconf 83' lang='lat' dir='ltr'><strong>rima</strong></span> <span class='ocrx_word' id='word_1_53' title='bbox 278 1074 334 1123; x_wconf 91' lang='lat' dir='ltr'><strong>et</strong></span> <span class='ocrx_word' id='word_1_54' title='bbox 373 1066 612 1122; x_wconf 87' lang='lat' dir='ltr'><strong>maxima</strong></span> <span class='ocrx_word' id='word_1_55' title='bbox 654 1086 916 1139; x_wconf 75' lang='lat' dir='ltr'><strong>munera7</strong></span> <span class='ocrx_word' id='word_1_56' title='bbox 960 1087 1088 1143; x_wconf 88' lang='lat' dir='ltr'><strong>quae</strong></span> <span class='ocrx_word' id='word_1_57' title='bbox 1126 1068 1199 1125; x_wconf 90' lang='lat' dir='ltr'><strong>ab</strong></span> <span class='ocrx_word' id='word_1_58' title='bbox 1239 1068 1475 1146; x_wconf 87' lang='lat' dir='ltr'><strong>Europae</strong></span> <span class='ocrx_word' id='word_1_59' title='bbox 1512 1070 1666 1126; x_wconf 88' lang='lat' dir='ltr'><strong>Prin-</strong></span> 
     </span>
     <span class='ocr_line' id='line_1_10' title="bbox 94 1166 1666 1243; baseline 0.003 -21"><span class='ocrx_word' id='word_1_60' title='bbox 94 1166 316 1243; x_wconf 87' lang='lat' dir='ltr'><strong>cipibus</strong></span> <span class='ocrx_word' id='word_1_61' title='bbox 365 1177 693 1243; x_wconf 82' lang='lat' dir='ltr'><strong>acceperant</strong></span> <span class='ocrx_word' id='word_1_62' title='bbox 748 1167 1116 1226; x_wconf 84' lang='lat' dir='ltr'><strong>libentissime</strong></span> <span class='ocrx_word' id='word_1_63' title='bbox 1174 1169 1536 1227; x_wconf 90' lang='lat' dir='ltr'><strong>contulerunt</strong></span> <span class='ocrx_word' id='word_1_64' title='bbox 1592 1169 1666 1227; x_wconf 90' lang='lat' dir='ltr'><strong>ad</strong></span> 
     </span>
     <span class='ocr_line' id='line_1_11' title="bbox 95 1268 1665 1349; baseline 0.003 -24"><span class='ocrx_word' id='word_1_65' title='bbox 95 1269 403 1325; x_wconf 85' lang='lat' dir='ltr'><strong>ornandam</strong></span> <span class='ocrx_word' id='word_1_66' title='bbox 447 1268 777 1345; x_wconf 79' lang='lat' dir='ltr'><strong>legationem</strong></span> <span class='ocrx_word' id='word_1_67' title='bbox 826 1280 881 1327; x_wconf 90' lang='lat' dir='ltr'><strong>et</strong></span> <span class='ocrx_word' id='word_1_68' title='bbox 926 1271 1325 1349; x_wconf 88' lang='lat' dir='ltr'><strong>Imperatorem</strong></span> <span class='ocrx_word' id='word_1_69' title='bbox 1371 1273 1665 1331; x_wconf 88' lang='lat' dir='ltr'><strong>concilian-</strong></span> 
     </span>
     <span class='ocr_line' id='line_1_12' title="bbox 95 1370 1663 1450; baseline 0.002 -23"><span class='ocrx_word' id='word_1_70' title='bbox 95 1370 255 1428; x_wconf 88' lang='lat' dir='ltr'><strong>dum.</strong></span> <span class='ocrx_word' id='word_1_71' title='bbox 295 1372 472 1429; x_wconf 88' lang='lat' dir='ltr'><strong>Nemo</strong></span> <span class='ocrx_word' id='word_1_72' title='bbox 516 1370 817 1428; x_wconf 86' lang='lat' dir='ltr'><strong>dubitabat</strong></span> <span class='ocrx_word' id='word_1_73' title='bbox 859 1375 998 1449; x_wconf 91' lang='lat' dir='ltr'><strong>quin</strong></span> <span class='ocrx_word' id='word_1_74' title='bbox 1039 1375 1349 1450; x_wconf 87' lang='lat' dir='ltr'><strong>gratissima</strong></span> <span class='ocrx_word' id='word_1_75' title='bbox 1392 1374 1533 1431; x_wconf 92' lang='lat' dir='ltr'><strong>foret</strong></span> <span class='ocrx_word' id='word_1_76' title='bbox 1573 1394 1663 1432; x_wconf 86' lang='lat' dir='ltr'><strong>su-</strong></span> 
     </span>
     <span class='ocr_line' id='line_1_13' title="bbox 92 1472 1664 1552; baseline 0.001 -24"><span class='ocrx_word' id='word_1_77' title='bbox 92 1472 272 1548; x_wconf 91' lang='lat' dir='ltr'><strong>perbo</strong></span> <span class='ocrx_word' id='word_1_78' title='bbox 309 1473 553 1550; x_wconf 89' lang='lat' dir='ltr'><strong>Principi</strong></span> <span class='ocrx_word' id='word_1_79' title='bbox 588 1473 821 1550; x_wconf 75' lang='lat' dir='ltr'><strong>legatio7</strong></span> <span class='ocrx_word' id='word_1_80' title='bbox 855 1475 953 1550; x_wconf 88' lang='lat' dir='ltr'><strong>qui</strong></span> <span class='ocrx_word' id='word_1_81' title='bbox 982 1474 1232 1551; x_wconf 88' lang='lat' dir='ltr'><strong>profecto</strong></span> <span class='ocrx_word' id='word_1_82' title='bbox 1270 1475 1521 1552; x_wconf 91' lang='lat' dir='ltr'><strong>amplum</strong></span> <span class='ocrx_word' id='word_1_83' title='bbox 1555 1475 1664 1532; x_wconf 88' lang='lat' dir='ltr'><strong>sibi</strong></span> 
     </span>
     <span class='ocr_line' id='line_1_14' title="bbox 93 1571 1666 1647; baseline 0.003 -19"><span class='ocrx_word' id='word_1_84' title='bbox 93 1571 322 1630; x_wconf 89' lang='lat' dir='ltr'><strong>duceret</strong></span> <span class='ocrx_word' id='word_1_85' title='bbox 344 1574 447 1630; x_wconf 90' lang='lat' dir='ltr'><strong>coli</strong></span> <span class='ocrx_word' id='word_1_86' title='bbox 471 1574 543 1631; x_wconf 90' lang='lat' dir='ltr'><strong>ab</strong></span> <span class='ocrx_word' id='word_1_87' title='bbox 575 1574 748 1630; x_wconf 88' lang='lat' dir='ltr'><strong>Indiae</strong></span> <span class='ocrx_word' id='word_1_88' title='bbox 770 1574 1031 1647; x_wconf 70' lang='lat' dir='ltr'><strong>Proregc7</strong></span> <span class='ocrx_word' id='word_1_89' title='bbox 1057 1589 1122 1625; x_wconf 82' lang='lat' dir='ltr'><strong>ac</strong></span> <span class='ocrx_word' id='word_1_90' title='bbox 1144 1589 1303 1626; x_wconf 90' lang='lat' dir='ltr'><strong>suam</strong></span> <span class='ocrx_word' id='word_1_91' title='bbox 1327 1596 1357 1626; x_wconf 79' lang='lat' dir='ltr'><strong>a</strong></span> <span class='ocrx_word' id='word_1_92' title='bbox 1388 1577 1666 1633; x_wconf 87' lang='lat' dir='ltr'><strong>Lusitanis</strong></span> 
     </span>
     <span class='ocr_line' id='line_1_15' title="bbox 92 1669 1669 1755; baseline 0.003 -26"><span class='ocrx_word' id='word_1_93' title='bbox 92 1674 387 1732; x_wconf 89' lang='lat' dir='ltr'><strong>amicitiam</strong></span> <span class='ocrx_word' id='word_1_94' title='bbox 419 1678 622 1755; x_wconf 85' lang='lat' dir='ltr'><strong>expeti.</strong></span> <span class='ocrx_word' id='word_1_95' title='bbox 652 1676 828 1733; x_wconf 82' lang='lat' dir='ltr'><strong>Solvit</strong></span> <span class='ocrx_word' id='word_1_96' title='bbox 851 1675 968 1731; x_wconf 88' lang='lat' dir='ltr'><strong>Goa</strong></span> <span class='ocrx_word' id='word_1_97' title='bbox 990 1669 1333 1746; x_wconf 86' lang='lat' dir='ltr'><strong>Valignanus</strong></span> <span class='ocrx_word' id='word_1_98' title='bbox 1365 1693 1492 1731; x_wconf 88' lang='lat' dir='ltr'><strong>cum</strong></span> <span class='ocrx_word' id='word_1_99' title='bbox 1510 1679 1669 1752; x_wconf 83' lang='lat' dir='ltr'><strong>juve-</strong></span> 
     </span>
     <span class='ocr_line' id='line_1_16' title="bbox 91 1771 1667 1853; baseline 0.003 -24"><span class='ocrx_word' id='word_1_100' title='bbox 91 1773 263 1830; x_wconf 90' lang='lat' dir='ltr'><strong>nibus</strong></span> <span class='ocrx_word' id='word_1_101' title='bbox 291 1773 455 1849; x_wconf 89' lang='lat' dir='ltr'><strong>regiis</strong></span> <span class='ocrx_word' id='word_1_102' title='bbox 476 1817 490 1845; x_wconf 74' lang='grc'><em>,</em></span> <span class='ocrx_word' id='word_1_103' title='bbox 528 1782 583 1830; x_wconf 89' lang='lat' dir='ltr'><strong>et</strong></span> <span class='ocrx_word' id='word_1_104' title='bbox 606 1771 941 1829; x_wconf 88' lang='lat' dir='ltr'><strong>duodecimo</strong></span> <span class='ocrx_word' id='word_1_105' title='bbox 965 1771 1084 1828; x_wconf 89' lang='lat' dir='ltr'><strong>Cal.</strong></span> <span class='ocrx_word' id='word_1_106' title='bbox 1125 1771 1354 1831; x_wconf 87' lang='lat' dir='ltr'><strong>Sextiles</strong></span> <span class='ocrx_word' id='word_1_107' title='bbox 1386 1775 1667 1853; x_wconf 88' lang='lat' dir='ltr'><strong>Nangaza-</strong></span> 
     </span>
     <span class='ocr_line' id='line_1_17' title="bbox 94 1874 1660 1954; baseline 0.002 -21"><span class='ocrx_word' id='word_1_108' title='bbox 94 1875 284 1934; x_wconf 89' lang='lat' dir='ltr'><strong>chium</strong></span> <span class='ocrx_word' id='word_1_109' title='bbox 326 1876 565 1954; x_wconf 91' lang='lat' dir='ltr'><strong>appulit.</strong></span> <span class='ocrx_word' id='word_1_110' title='bbox 613 1876 717 1932; x_wconf 74' lang='lat' dir='ltr'><strong>Vix</strong></span> <span class='ocrx_word' id='word_1_111' title='bbox 757 1875 839 1931; x_wconf 89' lang='lat' dir='ltr'><strong>ibi</strong></span> <span class='ocrx_word' id='word_1_112' title='bbox 884 1874 1002 1932; x_wconf 81' lang='lat' dir='ltr'><strong>dies</strong></span> <span class='ocrx_word' id='word_1_113' title='bbox 1043 1895 1252 1952; x_wconf 89' lang='lat' dir='ltr'><strong>paucos</strong></span> <span class='ocrx_word' id='word_1_114' title='bbox 1296 1877 1660 1954; x_wconf 77' lang='lat' dir='ltr'><strong>substiterat,</strong></span> 
     </span>
     <span class='ocr_line' id='line_1_18' title="bbox 96 1976 1664 2054; baseline 0.003 -18"><span class='ocrx_word' id='word_1_115' title='bbox 96 1998 225 2036; x_wconf 91' lang='lat' dir='ltr'><strong>cum</strong></span> <span class='ocrx_word' id='word_1_116' title='bbox 253 1987 472 2035; x_wconf 83' lang='lat' dir='ltr'><strong>vetatur</strong></span> <span class='ocrx_word' id='word_1_117' title='bbox 500 1977 734 2035; x_wconf 88' lang='lat' dir='ltr'><strong>ulterius</strong></span> <span class='ocrx_word' id='word_1_118' title='bbox 763 1976 1056 2054; x_wconf 72' lang='lat' dir='ltr'><strong>progredi,</strong></span> <span class='ocrx_word' id='word_1_119' title='bbox 1083 1986 1138 2034; x_wconf 89' lang='lat' dir='ltr'><strong>et</strong></span> <span class='ocrx_word' id='word_1_120' title='bbox 1167 1978 1348 2036; x_wconf 90' lang='lat' dir='ltr'><strong>omnis</strong></span> <span class='ocrx_word' id='word_1_121' title='bbox 1371 1978 1452 2035; x_wconf 89' lang='lat' dir='ltr'><strong>illi</strong></span> <span class='ocrx_word' id='word_1_122' title='bbox 1476 1980 1664 2040; x_wconf 87' lang='lat' dir='ltr'><strong>aditus</strong></span> 
     </span>
     <span class='ocr_line' id='line_1_19' title="bbox 94 2079 1665 2158; baseline 0.001 -20"><span class='ocrx_word' id='word_1_123' title='bbox 94 2081 168 2138; x_wconf 91' lang='lat' dir='ltr'><strong>ad</strong></span> <span class='ocrx_word' id='word_1_124' title='bbox 198 2081 383 2138; x_wconf 90' lang='lat' dir='ltr'><strong>aulam</strong></span> <span class='ocrx_word' id='word_1_125' title='bbox 405 2126 420 2154; x_wconf 58' lang='lat' dir='ltr'>a</span> <span class='ocrx_word' id='word_1_126' title='bbox 451 2082 750 2158; x_wconf 71' lang='lat' dir='ltr'><strong>etregiam</strong></span> <span class='ocrx_word' id='word_1_127' title='bbox 781 2080 983 2136; x_wconf 86' lang='lat' dir='ltr'><strong>urbem</strong></span> <span class='ocrx_word' id='word_1_128' title='bbox 1018 2079 1390 2137; x_wconf 86' lang='lat' dir='ltr'><strong>interdicitur.</strong></span> <span class='ocrx_word' id='word_1_129' title='bbox 1425 2082 1665 2140; x_wconf 89' lang='lat' dir='ltr'><strong>Persen-</strong></span> 
     </span>
     <span class='ocr_line' id='line_1_20' title="bbox 94 2181 1665 2260; baseline 0 -19"><span class='ocrx_word' id='word_1_130' title='bbox 94 2192 240 2241; x_wconf 85' lang='lat' dir='ltr'><strong>serat</strong></span> <span class='ocrx_word' id='word_1_131' title='bbox 268 2183 559 2260; x_wconf 87' lang='lat' dir='ltr'><strong>Valignani</strong></span> <span class='ocrx_word' id='word_1_132' title='bbox 584 2181 877 2240; x_wconf 90' lang='lat' dir='ltr'><strong>consilium</strong></span> <span class='ocrx_word' id='word_1_133' title='bbox 902 2181 1211 2259; x_wconf 90' lang='lat' dir='ltr'><strong>Imperator</strong></span> <span class='ocrx_word' id='word_1_134' title='bbox 1228 2227 1242 2256; x_wconf 67' lang='lat'>7</span> <span class='ocrx_word' id='word_1_135' title='bbox 1267 2183 1441 2259; x_wconf 88' lang='lat' dir='ltr'><strong>idque</strong></span> <span class='ocrx_word' id='word_1_136' title='bbox 1463 2185 1665 2242; x_wconf 89' lang='lat' dir='ltr'><strong>tentari</strong></span> 
     </span>
     <span class='ocr_line' id='line_1_21' title="bbox 93 2284 1660 2363; baseline 0.001 -21"><span class='ocrx_word' id='word_1_137' title='bbox 93 2284 323 2342; x_wconf 85' lang='lat' dir='ltr'><strong>videbat</strong></span> <span class='ocrx_word' id='word_1_138' title='bbox 352 2295 415 2342; x_wconf 87' lang='lat' dir='ltr'><strong>ut</strong></span> <span class='ocrx_word' id='word_1_139' title='bbox 436 2305 536 2363; x_wconf 91' lang='lat' dir='ltr'><strong>per</strong></span> <span class='ocrx_word' id='word_1_140' title='bbox 558 2304 781 2343; x_wconf 89' lang='lat' dir='ltr'><strong>causam</strong></span> <span class='ocrx_word' id='word_1_141' title='bbox 805 2293 859 2341; x_wconf 89' lang='lat' dir='ltr'><strong>et</strong></span> <span class='ocrx_word' id='word_1_142' title='bbox 881 2303 1087 2342; x_wconf 89' lang='lat' dir='ltr'><strong>nomen</strong></span> <span class='ocrx_word' id='word_1_143' title='bbox 1110 2284 1317 2341; x_wconf 73' lang='lat' dir='ltr'><strong>Indicae</strong></span> <span class='ocrx_word' id='word_1_144' title='bbox 1345 2284 1660 2361; x_wconf 75' lang='lat' dir='ltr'><strong>legationis,</strong></span> 
     </span>
     <span class='ocr_line' id='line_1_22' title="bbox 94 2385 1657 2462; baseline 0 -19"><span class='ocrx_word' id='word_1_145' title='bbox 94 2386 371 2444; x_wconf 87' lang='lat' dir='ltr'><strong>restitutio</strong></span> <span class='ocrx_word' id='word_1_146' title='bbox 412 2385 642 2443; x_wconf 89' lang='lat' dir='ltr'><strong>Patrum</strong></span> <span class='ocrx_word' id='word_1_147' title='bbox 685 2385 757 2442; x_wconf 92' lang='lat' dir='ltr'><strong>ab</strong></span> <span class='ocrx_word' id='word_1_148' title='bbox 796 2385 970 2442; x_wconf 86' lang='lat' dir='ltr'><strong>Indiae</strong></span> <span class='ocrx_word' id='word_1_149' title='bbox 1013 2385 1251 2462; x_wconf 88' lang='lat' dir='ltr'><strong>Prorege</strong></span> <span class='ocrx_word' id='word_1_150' title='bbox 1292 2395 1657 2462; x_wconf 86' lang='lat' dir='ltr'><strong>quaereretur.</strong></span> 
     </span>
     <span class='ocr_line' id='line_1_23' title="bbox 96 2487 1664 2564; baseline -0.002 -18"><span class='ocrx_word' id='word_1_151' title='bbox 96 2491 245 2562; x_wconf 83' lang='lat' dir='ltr'><strong>Quin</strong></span> <span class='ocrx_word' id='word_1_152' title='bbox 275 2490 442 2547; x_wconf 88' lang='lat' dir='ltr'><strong>etiam</strong></span> <span class='ocrx_word' id='word_1_153' title='bbox 473 2489 661 2546; x_wconf 90' lang='lat' dir='ltr'><strong>Bonzii</strong></span> <span class='ocrx_word' id='word_1_154' title='bbox 680 2533 694 2560; x_wconf 61' lang='lat'>7</span> <span class='ocrx_word' id='word_1_155' title='bbox 728 2488 934 2564; x_wconf 88' lang='lat' dir='ltr'><strong>aliique</strong></span> <span class='ocrx_word' id='word_1_156' title='bbox 969 2487 1247 2563; x_wconf 87' lang='lat' dir='ltr'><strong>religionis</strong></span> <span class='ocrx_word' id='word_1_157' title='bbox 1276 2487 1462 2544; x_wconf 87' lang='lat' dir='ltr'><strong>hostes</strong></span> <span class='ocrx_word' id='word_1_158' title='bbox 1493 2507 1664 2544; x_wconf 90' lang='lat' dir='ltr'><strong>cona-</strong></span> 
     </span>
     <span class='ocr_line' id='line_1_24' title="bbox 94 2588 1666 2667; baseline -0.002 -19"><span class='ocrx_word' id='word_1_159' title='bbox 94 2591 304 2648; x_wconf 87' lang='lat' dir='ltr'><strong>bantur</strong></span> <span class='ocrx_word' id='word_1_160' title='bbox 331 2592 439 2667; x_wconf 91' lang='lat' dir='ltr'><strong>ipsi</strong></span> <span class='ocrx_word' id='word_1_161' title='bbox 466 2589 804 2667; x_wconf 86' lang='lat' dir='ltr'><strong>persuadere</strong></span> <span class='ocrx_word' id='word_1_162' title='bbox 827 2588 1263 2646; x_wconf 88' lang='lat' dir='ltr'><strong>commentitiam</strong></span> <span class='ocrx_word' id='word_1_163' title='bbox 1293 2607 1412 2646; x_wconf 88' lang='lat' dir='ltr'><strong>esse</strong></span> <span class='ocrx_word' id='word_1_164' title='bbox 1441 2588 1666 2665; x_wconf 88' lang='lat' dir='ltr'><strong>legatio-</strong></span> 
     </span>
     <span class='ocr_line' id='line_1_25' title="bbox 95 2690 1658 2769; baseline 0.002 -20"><span class='ocrx_word' id='word_1_165' title='bbox 95 2712 249 2764; x_wconf 69' lang='lat' dir='ltr'><strong>nem,</strong></span> <span class='ocrx_word' id='word_1_166' title='bbox 275 2691 422 2749; x_wconf 87' lang='lat' dir='ltr'><strong>etad</strong></span> <span class='ocrx_word' id='word_1_167' title='bbox 444 2691 637 2749; x_wconf 86' lang='lat' dir='ltr'><strong>fucum</strong></span> <span class='ocrx_word' id='word_1_168' title='bbox 659 2693 986 2769; x_wconf 89' lang='lat' dir='ltr'><strong>Imperatori</strong></span> <span class='ocrx_word' id='word_1_169' title='bbox 1009 2690 1328 2748; x_wconf 87' lang='lat' dir='ltr'><strong>faciendum</strong></span> <span class='ocrx_word' id='word_1_170' title='bbox 1351 2693 1658 2752; x_wconf 84' lang='lat' dir='ltr'><strong>inventam.</strong></span> 
     </span>
     <span class='ocr_line' id='line_1_26' title="bbox 99 2794 1665 2872; baseline 0.003 -21"><span class='ocrx_word' id='word_1_171' title='bbox 99 2794 302 2851; x_wconf 90' lang='lat' dir='ltr'><strong>Contra</strong></span> <span class='ocrx_word' id='word_1_172' title='bbox 338 2794 669 2871; x_wconf 86' lang='lat' dir='ltr'><strong>pugnabant</strong></span> <span class='ocrx_word' id='word_1_173' title='bbox 697 2795 991 2852; x_wconf 87' lang='lat' dir='ltr'><strong>Christiani</strong></span> <span class='ocrx_word' id='word_1_174' title='bbox 1022 2814 1308 2872; x_wconf 69' lang='lat' dir='ltr'><strong>procereS‚</strong></span> <span class='ocrx_word' id='word_1_175' title='bbox 1347 2806 1401 2854; x_wconf 89' lang='lat' dir='ltr'><strong>et</strong></span> <span class='ocrx_word' id='word_1_176' title='bbox 1437 2797 1574 2854; x_wconf 92' lang='lat' dir='ltr'><strong>nihil</strong></span> <span class='ocrx_word' id='word_1_177' title='bbox 1605 2799 1665 2855; x_wconf 92' lang='lat' dir='ltr'><strong>in</strong></span> 
     </span>
     <span class='ocr_line' id='line_1_27' title="bbox 96 2895 1664 2970; baseline 0.003 -19"><span class='ocrx_word' id='word_1_178' title='bbox 96 2895 369 2970; x_wconf 87' lang='lat' dir='ltr'><strong>legatione</strong></span> <span class='ocrx_word' id='word_1_179' title='bbox 408 2895 635 2969; x_wconf 74' lang='lat' dir='ltr'><strong>fictum,</strong></span> <span class='ocrx_word' id='word_1_180' title='bbox 672 2895 811 2952; x_wconf 89' lang='lat' dir='ltr'><strong>nihil</strong></span> <span class='ocrx_word' id='word_1_181' title='bbox 856 2896 1163 2953; x_wconf 86' lang='lat' dir='ltr'><strong>subdolum</strong></span> <span class='ocrx_word' id='word_1_182' title='bbox 1209 2917 1331 2955; x_wconf 90' lang='lat' dir='ltr'><strong>esse</strong></span> <span class='ocrx_word' id='word_1_183' title='bbox 1369 2899 1664 2956; x_wconf 89' lang='lat' dir='ltr'><strong>contende-</strong></span> 
     </span>
     <span class='ocr_line' id='line_1_28' title="bbox 98 2995 1655 3077; baseline 0.003 -25"><span class='ocrx_word' id='word_1_184' title='bbox 98 2995 268 3066; x_wconf 75' lang='lat' dir='ltr'><strong>bant7</strong></span> <span class='ocrx_word' id='word_1_185' title='bbox 328 3015 430 3051; x_wconf 90' lang='lat' dir='ltr'><strong>nec</strong></span> <span class='ocrx_word' id='word_1_186' title='bbox 485 2997 624 3053; x_wconf 91' lang='lat' dir='ltr'><strong>nihil</strong></span> <span class='ocrx_word' id='word_1_187' title='bbox 680 3018 799 3056; x_wconf 89' lang='lat' dir='ltr'><strong>esse</strong></span> <span class='ocrx_word' id='word_1_188' title='bbox 856 2998 1088 3076; x_wconf 86' lang='lat' dir='ltr'><strong>periculi</strong></span> <span class='ocrx_word' id='word_1_189' title='bbox 1147 3000 1191 3057; x_wconf 89' lang='lat' dir='ltr'><strong>si</strong></span> <span class='ocrx_word' id='word_1_190' title='bbox 1246 3000 1655 3077; x_wconf 89' lang='lat' dir='ltr'><strong>repudiaretur.</strong></span> 
     </span>
    </p>
   </div>
   <div class='ocr_carea' id='block_1_3' title="bbox 97 3097 1661 3256">
    <p class='ocr_par' dir='ltr' id='par_1_3' title="bbox 97 3097 1661 3256">
     <span class='ocr_line' id='line_1_29' title="bbox 97 3097 1661 3177; baseline 0.001 -23"><span class='ocrx_word' id='word_1_191' title='bbox 97 3098 203 3154; x_wconf 90' lang='lat' dir='ltr'><strong>Per</strong></span> <span class='ocrx_word' id='word_1_192' title='bbox 262 3097 394 3153; x_wconf 91' lang='lat' dir='ltr'><strong>istas</strong></span> <span class='ocrx_word' id='word_1_193' title='bbox 465 3097 844 3160; x_wconf 86' lang='lat' dir='ltr'><strong>altercationes</strong></span> <span class='ocrx_word' id='word_1_194' title='bbox 908 3101 1124 3158; x_wconf 84' lang='lat' dir='ltr'><strong>effluxit</strong></span> <span class='ocrx_word' id='word_1_195' title='bbox 1179 3101 1332 3177; x_wconf 89' lang='lat' dir='ltr'><strong>quod</strong></span> <span class='ocrx_word' id='word_1_196' title='bbox 1380 3099 1661 3176; x_wconf 88' lang='lat' dir='ltr'><strong>reliquum</strong></span> 
     </span>
     <span class='ocr_line' id='line_1_30' title="bbox 97 3198 408 3256; baseline -0.003 -1"><span class='ocrx_word' id='word_1_197' title='bbox 97 3207 217 3256; x_wconf 86' lang='lat' dir='ltr'><strong>erat</strong></span> <span class='ocrx_word' id='word_1_198' title='bbox 256 3198 408 3255; x_wconf 89' lang='lat' dir='ltr'><strong>anni.</strong></span> 
     </span>
    </p>
   </div>
  </div>
 </body>
</html>
