2147 3489
478 218 751 256 H1s‘romAE
791 217 1111 257 sommia-ns
1151 222 1302 262 JESU.
1560 203 1675 264 137

279 318 389 378 Sed
417 320 496 378 illi
529 330 716 379 tamen
736 321 934 379 inculti
954 365 969 394 ,
1001 320 1261 394 barbari,
1306 324 1398 381 vix
1425 323 1677 384 homines
1714 336 1899 377 Sinenses
1928 337 2009 376 PP-

118 423 437 500 appellandi
472 432 603 482 sunt
638 444 753 501 prae
784 424 1142 498 Sinensibus7
1189 424 1442 483 doctrina
1483 448 1682 506 perpo-
1716 401 1871 519 Ξζῗᾶἒῗ
1891 408 1930 442 et
1952 403 2013 442 Μ’

117 524 265 599 litis,
319 527 666 585 humanitate
712 526 1149 604 praestantibus,
1206 527 1428 603 ingenio
1474 538 1528 584 et
1583 530 1684 586 bo-

116 647 317 685 narum
358 631 557 686 artium
603 630 916 705 cognitione
958 627 1101 684 nulli
1143 628 1352 684 nationi
1396 629 1677 687 secundis.

121 729 325 787 Verum
351 731 425 787 ob
449 749 540 788 eas
569 731 717 807 ipsas
742 730 899 787 dotes
924 730 1127 806 negotii
1151 729 1280 806 plus
1303 732 1361 787 in
1382 730 1492 788 illis
1516 751 1687 807 expu-

118 831 354 906 gnandis
375 830 502 887 fuit.
524 831 831 890 Bellissime
855 831 1079 889 stabant
1101 832 1159 887 in
1183 831 1324 888 urbe
1346 831 1685 908 Sciauquino

118 930 307 988 Patres
339 932 593 1006 Rimas,
646 943 701 990 et
744 932 1021 990 Almeida.
1067 933 1193 989 Jam
1236 933 1525 1009 indigenas
1565 951 1690 1009 cog-

116 1050 373 1106 noscere,
410 1038 527 1111 jam
559 1034 631 1091 ab
676 1036 738 1091 iis
778 1035 1034 1111 cognosci
1080 1044 1136 1091 et
1170 1035 1344 1090 amari
1380 1042 1683 1111 coeperant.

120 1134 354 1193 Tabulae
376 1138 785 1216 geographicae„
811 1138 1108 1212 machinae,
1140 1148 1196 1195 et
1216 1147 1360 1196 artes
1385 1137 1655 1214 Europeae
1671 1179 1686 1208 .,

119 1237 510 1296 mathematica
552 1240 835 1317 supellex,
879 1250 934 1297 et
976 1239 1307 1319 supellectili
1345 1238 1691 1317 respondens

119 1341 359 1398 eruditio
397 1343 670 1400 curiosam
706 1343 1045 1420 doctamque
1081 1351 1303 1420 gentem
1347 1340 1688 1398 alliciebant.

121 1439 324 1499 Fuerat
359 1444 685 1503 Sinensibus
714 1446 865 1522 typis
900 1446 1083 1503 editus
1121 1446 1193 1503 de
1224 1447 1476 1503 doctrina
1511 1445 1695 1502 Chris-

120 1540 269 1599 tiana
308 1543 473 1602 liber.
513 1546 654 1602 Eum
690 1547 788 1622 qui
828 1546 1078 1623 legerant
1114 1547 1366 1614 litterati,
1407 1565 1698 1603 concurre-

116 1640 262 1700 bant
304 1646 377 1702 ad
419 1646 848 1725 disputandum.
897 1641 1370 1701 Committebatur
1416 1652 1698 1700 certamen

122 1743 182 1799 in
212 1746 508 1820 splendido
544 1765 841 1822 procerum
872 1745 1282 1820 doctorumque
1317 1763 1607 1815 consessu3
1642 1753 1699 1802 et

124 1844 388 1903 Patribus
431 1845 664 1903 feliciter
699 1865 1075 1922 quaecumque
1119 1843 1532 1921 objiciebantur
1581 1844 1700 1903 sol-

124 1946 416 2020 ventibus7
450 1967 590 2004 nova
621 1947 720 2006 lux
754 1946 1116 2004 audientibus
1157 1949 1317 2023 juxta
1347 1956 1402 2004 et
1433 1948 1700 2004 certanti-

125 2046 240 2104 bus
275 2048 604 2130 affulgeb-at.
645 2049 907 2122 Quotidie
931 2049 1119 2106 divina
1160 2048 1250 2106 lex
1290 2050 1349 2104 in
1384 2048 1596 2127 templo
1626 2047 1700 2105 ad

124 2148 408 2225 ingentem
437 2152 758 2209 concionem
795 2151 1206 2229 explicabatur,
1240 2159 1296 2209 et
1318 2149 1702 2207 catechumeni

128 2251 446 2328 complures
483 2253 720 2311 solemni
760 2255 874 2311 ritu
904 2254 976 2311 ad
1013 2254 1297 2312 Christum
1324 2253 1703 2332 aggregaban-

127 2359 248 2422 tur3
283 2351 503 2413 favente
535 2357 693 2414 novis
729 2356 1057 2414 doctoribus
1093 2356 1365 2433 Prorege,
1405 2355 1702 2431 aedemque

128 2470 340 2510 sacram
371 2464 426 2512 et
457 2456 862 2516 Bibliothecam
891 2459 1122 2517 Patrum
1159 2480 1287 2516 cum
1319 2459 1597 2536 primariis
1629 2459 1702 2516 ci-

128 2553 296 2612 vibus
345 2555 756 2634 frequentante.
812 2560 900 2617 Sic
951 2561 1102 2617 enim
1152 2568 1537 2636 comparatum
1583 2568 1697 2633 est⁷

130 2658 370 2715 maxime
411 2660 565 2737 apud
607 2661 765 2719 Sinas
806 2671 871 2718 ut
910 2682 1024 2739 quo
1068 2662 1352 2739 Principes
1397 2661 1698 2734 inclinant,

131 2778 196 2815 eo
238 2762 483 2839 populus
526 2774 813 2841 sequatur.
869 2768 1050 2837 Quam
1099 2784 1300 2842 parum
1352 2773 1540 2822 tamen
1581 2765 1702 2842 opis

136 2880 200 2918 ac
249 2864 493 2938 praesidii
537 2867 862 2943 ponendum
917 2868 986 2925 sit
1035 2867 1094 2922 in
1145 2865 1377 2923 humani
1427 2865 1704 2941 ejusmodi

135 2964 439 3039 praesidiis.,
493 2977 696 3025 eventu
746 2970 1030 3045 cognitum
1083 2976 1186 3026 est.
1243 2967 1388 3024 Huic
1445 2967 1700 3042 Proregi‚

137 3083 250 3141 quo
289 3066 390 3121 uiti
427 3066 667 3127 Societas
698 3079 752 3127 et
789 3079 933 3128 stare
976 3069 1304 3141 videbatur,
1347 3077 1568 3125 mortuo
1605 3085 1706 3142 per

138 3185 233 3225 eos
283 3167 432 3242 dies,
476 3168 642 3228 datus
689 3180 775 3230 est
823 3191 1107 3232 successor
1166 3171 1334 3246 longe
1389 3166 1702 3238 dissimili5‚
