2147 3489
445 179 718 219 msromffi
761 176 1082 214 soc1ETAT1s
1125 179 1274 217 JESU.
1569 155 1646 214 73

78 285 370 358 fovissent,
402 285 542 341 adeo
573 289 861 360 permotus
898 289 982 337 est
1010 297 1155 354 aeger
1193 279 1456 336 inusitato
1499 279 1644 336 inter

85 388 243 445 Sinas
277 386 558 444 charitatis
597 382 884 460 exemp10‚
920 390 985 438 ut
1019 379 1348 458 explicatam
1379 383 1485 439 sibi
1513 384 1651 441 veri-

82 499 254 547 tatem
278 485 602 547 Christianae
631 484 770 562 legis
807 485 866 539 in
906 483 1188 560 baptismo
1219 482 1502 559 professus
1532 485 1649 543 fue-

81 592 186 663 rit,
220 601 275 648 et
304 588 470 667 paulo
508 582 635 665 post
672 607 702 643 a
737 586 1000 642 Patribus
1031 583 1336 641 honorifice
1368 585 1642 661 sepultus.

84 692 191 763 Qui
235 711 362 748 cum
413 689 680 746 vidissent
722 688 939 745 laudari
990 685 1202 742 factum
1239 706 1270 741 a
1313 685 1555 763 populo7
1598 697 1652 743 et

82 811 284 868 magno
308 790 457 868 apud
492 809 684 847 omnes
706 791 762 846 in
793 790 972 867 pretio
996 787 1320 863 religionem
1346 807 1464 845 esse
1481 833 1494 860 τ
1523 808 1651 864 quae

83 904 195 950 tam
237 903 665 951 consentaneam
705 901 919 947 naturae
968 890 1407 961 humanitatem,
1458 900 1568 946 tam
1620 911 1652 946 a

0 988 2 994 ’
81 996 320 1072 propriis
365 994 603 1051 alienam
661 991 968 1050 commodis
1016 990 1269 1063 doceret7
1326 991 1652 1048 audendum

82 1097 297 1174 aliquid
340 1097 573 1154 ulterius
622 1105 994 1174 putaverunt,
1048 1105 1103 1152 et
1155 1113 1337 1152 sacras
1388 1093 1655 1172 baptismi

87 1202 426 1260 ceremonias
456 1202 514 1257 in
543 1199 832 1278 publicam
864 1198 1048 1255 lucem
1081 1196 1464 1274 proferendas.
1501 1197 1656 1255 Duos

83 1304 298 1380 elegere
326 1324 442 1381 prae
482 1304 693 1360 caeteris
729 1303 786 1358 in
822 1301 1033 1379 quibus
1071 1299 1216 1356 illud
1247 1301 1528 1377 specimen
1550 1320 1655 1356 au-

82 1415 262 1482 gustae
312 1406 592 1482 religionis
638 1415 784 1461 recte
835 1423 898 1460 ac
946 1412 1068 1459 tuto
1120 1402 1399 1458 ederetur.
1436 1402 1656 1459 Primus

83 1519 201 1566 erat
231 1509 363 1565 civis
399 1505 882 1582 SciauquinensiS,
921 1507 1080 1579 cujus
1116 1504 1270 1558 domi
1300 1503 1490 1560 Patres
1527 1522 1656 1558 cum

82 1608 420 1686 Sciauquino
462 1607 847 1678 discederent7
895 1604 1067 1661 altare
1105 1623 1433 1680 sacramque
1475 1603 1659 1680 supel-

84 1708 359 1783 lectilem,
397 1710 794 1787 deposuerant.
831 1707 960 1763 Fuit
988 1705 1069 1762 illi
1098 1725 1317 1764 sacrum
1353 1705 1460 1762 hoc
1489 1705 1660 1783 depo-

85 1813 256 1870 situm
290 1811 443 1867 haud
489 1811 674 1867 minus
717 1808 890 1880 utile,
941 1827 1112 1885 quam
1148 1807 1279 1863 olim
1326 1807 1658 1864 Obededoni

93 1913 230 1971 Arca
265 1934 278 1969 ε
320 1933 450 1969 nam
488 1933 554 1969 ex
597 1930 662 1968 eo
693 1920 944 1988 tempore
988 1910 1197 1986 magis,
1243 1910 1535 1985 magisque
1578 1909 1659 1965 in-

90 2035 289 2073 census
312 2014 587 2072 desiderio
612 2013 940 2071 Christianae
963 2012 1268 2089 religionis,
1294 2014 1407 2069 voti
1433 2011 1661 2069 tandem

90 2136 319 2194 compos
350 2116 531 2174 factus
562 2124 678 2188 est,
712 2125 767 2172 et
801 2115 874 2171 ad
902 2115 1158 2174 fidelium
1195 2126 1401 2174 coetum
1434 2116 1663 2193 adjunc-

86 2227 202 2276 tus.
267 2220 484 2276 Nomen
532 2217 614 2274 illi
671 2217 915 2276 Joannes
973 2219 1321 2296 impositum.
1383 2218 1660 2277 Nico-Ciu

90 2324 271 2381 Sinice
300 2323 629 2380 vocabatur.
670 2319 825 2378 Alter
862 2340 1062 2399 genere
1096 2321 1408 2398 litterisque
1442 2320 1623 2377 clarus
1644 2363 1658 2391 7

91 2426 344 2502 quinque
373 2425 588 2480 circiter
610 2423 901 2481 mensibus
926 2423 1270 2480 familiariter
1298 2424 1503 2481 nostris
1528 2440 1663 2480 usus

91 2537 210 2584 erat
248 2526 604 2603 Sciauquini7
644 2533 698 2581 et
741 2525 1066 2582 Christianae
1101 2525 1374 2582 doctrinae
1408 2543 1667 2601 compen-

94 2630 251 2687 dium
288 2650 319 2685 a
350 2629 414 2686 P.
452 2630 692 2706 Rogerio
728 2629 944 2686 editum
976 2637 1184 2684 attente
1215 2627 1546 2705 perlegerat.
1591 2626 1665 2682 Ea

91 2733 327 2790 lectione
377 2732 609 2788 mirifice
661 2731 1000 2803 delectatus,
1056 2730 1334 2807 cognitam
1375 2731 1663 2786 veritatem

92 2855 207 2892 non
230 2836 411 2893 solum
435 2834 692 2912 amplecti
718 2879 731 2906 7
767 2834 865 2891 sed
896 2833 1016 2891 aliis
1053 2834 1218 2890 etiam
1251 2832 1543 2889 ostendere
1573 2831 1666 2888 de-

97 2936 287 2994 crevit.
329 2937 546 2994 Nomen
589 2936 669 2992 illi
701 2936 874 2993 Paulo
917 2935 1162 3008 factum,
1203 2955 1482 3012 omenque
1525 2934 1664 2990 tanti

95 3038 337 3095 nominis
367 3040 551 3095 statim
583 3060 646 3096 ac
677 3039 939 3116 deinceps
970 3038 1242 3116 implevit.
1278 3038 1391 3093 Ubi
1422 3055 1508 3093 res
1532 3054 1664 3112 per-

15 3140 18 3142 ’
98 3140 347 3213 crebuit7
393 3151 666 3198 venerunt
697 3141 771 3199 ad
805 3161 935 3200 eum
979 3140 1299 3217 frequentes
1342 3136 1500 3194 urbis
1544 3136 1665 3213 pri-
