2147 3489
488 135 758 172 fflSToruAE
800 132 1118 170 soc113TAT1s
1164 135 1314 171 JESU.
1563 114 1681 170 2247

123 235 297 294 ferrea
326 236 609 307 inclusum
635 255 822 308 cavea,
857 245 968 292 tam
996 247 1253 313 angusta,
1289 248 1352 294 ut
1384 261 1486 298 nec
1518 250 1685 315 Stare,

124 357 227 394 nec
268 341 450 413 jacere
503 346 709 414 posset.
769 338 1003 394 Caveam
1055 340 1354 416 cingebant
1403 342 1690 420 lampades

125 447 348 494 centum
398 461 408 494 :
465 438 739 515 praeibant
785 438 986 496 illustri
1039 443 1255 517 captivo
1306 442 1513 519 Jogues
1557 466 1690 521 qua-

123 547 284 609 tuor,
330 539 790 596 anteambulones
833 541 1132 598 honorarii.
1176 543 1297 599 Hoc
1338 543 1432 600 ille
1475 566 1690 604 carcere

125 659 183 698 se
225 642 551 714 incluserat,
598 653 661 699 ut
698 645 978 720 patientiae
1024 644 1189 700 laude
1231 645 1548 723 plausuque
1597 667 1691 724 po-

122 742 242 818 puli
280 741 579 802 frueretur.
624 745 799 802 Multa
839 748 1172 803 concertatio
1211 748 1317 805 fuit
1354 769 1482 806 cum
1512 751 1690 827 gentis

125 845 448 902 doctoribus
484 866 546 902 ac
580 848 885 923 praesertim
925 867 1051 903 cum
1085 848 1426 906 brachmane
1461 851 1686 926 insigni,

121 944 191 1000 ad
223 966 391 1022 quem
416 946 507 1002 alii
530 958 713 1024 partes
743 948 1068 1024 disputandi
1100 949 1437 1006 detulerant.

287 1049 485 1125 Gingio
528 1049 759 1125 profecti
803 1049 991 1106 Patres
1037 1050 1524 1128 Christapatanum
1567 1072 1692 1129 pro-
1729 1051 2023 1105 Christapatani

123 1159 422 1224 perarunt7
467 1150 666 1207 urbem
702 1169 903 1206 novam
942 1171 971 1207 a
1001 1153 1153 1229 Rege
1191 1153 1464 1228 Gingiano
1502 1173 1693 1211 recens

121 1251 476 1309 aedificatam.
559 1251 917 1310 Advenarum
995 1254 1311 1329 promiscua
1387 1253 1692 1310 multitudo

121 1354 368 1410 instabat
430 1356 588 1411 tectis
652 1352 1017 1411 fabricandis.
1093 1354 1303 1411 Locum
1360 1354 1570 1431 templo
1630 1374 1694 1410 ac

121 1454 314 1512 domui
378 1455 663 1511 Societatis
726 1455 845 1510 Rex
913 1457 1232 1531 assignavit.
1299 1455 1548 1512 Relictus
1609 1464 1693 1512 est

120 1556 186 1613 P.
230 1556 543 1614 Alexander
593 1555 786 1627 Lenis⁷
835 1556 918 1611 vir
953 1554 1233 1633 prudens7
1276 1567 1330 1614 et
1378 1554 1690 1613 vernaculae

121 1658 329 1734 linguae
375 1660 618 1734 peritus,
663 1658 761 1733 qui
803 1675 946 1733 opus
982 1667 1225 1734 urgeret.
1271 1657 1408 1714 Inde
1450 1658 1691 1734 Tanjao-

122 1779 241 1816 rem
298 1759 675 1830 devenerunt,
736 1758 942 1834 regiam
994 1757 1225 1816 Naikeni
1281 1760 1684 1836 Tanjaorensis.
1727 1759 1950 1814 Tanjaore‚

121 1860 288 1917 Hunc
328 1860 538 1937 alloqui
586 1879 700 1916 non
748 1859 934 1932 licuit,
987 1859 1118 1936 quia
1169 1860 1340 1917 rebus
1390 1859 1688 1934 humanis,

120 1984 185 2021 ac
235 1966 469 2041 negotiis
512 1964 774 2020 nuntium
824 1963 1143 2035 remiserat,
1196 1972 1348 2020 totus
1391 1963 1450 2018 in
1499 1963 1694 2020 mortis

121 2066 482 2123 meditatione
511 2067 750 2123 defixus.
794 2065 881 2121 Sic
913 2063 1091 2122 solent
1123 2063 1210 2121 vel
1240 2065 1393 2121 senio
1425 2063 1692 2136 confecti,

121 2167 211 2224 vel
245 2170 372 2224 vitae
402 2168 589 2225 taedio.
627 2167 979 2225 Abdiderant
1013 2187 1070 2225 se
1105 2169 1312 2245 pariter
1344 2170 1400 2224 in
1433 2169 1695 2227 ‘tenebras

123 2290 187 2327 ac
238 2271 591 2328 solitudinem
643 2290 843 2328 uxores
888 2274 1008 2348 ejus
1052 2272 1435 2348 septuaginta,
1490 2290 1693 2327 concu-

121 2372 272 2428 binae
308 2391 437 2428 vero
471 2381 731 2429 trecentae
753 2418 766 2445 7
816 2373 1023 2430 scilicet
1063 2375 1202 2428 vivae
1238 2383 1364 2449 post
1397 2375 1515 2449 ejus
1552 2391 1695 2428 mor-

123 2484 234 2531 tem
279 2473 708 2546 combureudae,
755 2476 935 2550 gentis
977 2475 1252 2531 instituto,
1300 2474 1691 2531 Madurensem
1732 2477 1933 2529 Madame,

124 2574 437 2632 Naikenum
482 2575 802 2652 alloquendi
848 2578 1004 2653 copia
1050 2575 1220 2652 paulo
1261 2574 1478 2631 facilius
1519 2573 1693 2647 facta7

124 2677 181 2730 in
232 2676 561 2732 suburbana
604 2680 723 2752 ejus
770 2677 936 2749 villa⁷
993 2677 1093 2733 ubi
1144 2678 1258 2734 suis
1310 2675 1562 2754 quotidie
1605 2679 1698 2751 jus

129 2776 385 2849 dicebat7
433 2780 727 2836 momentis
780 2788 961 2843 tamen
1015 2798 1190 2856 prope
1241 2777 1473 2854 singulis
1525 2778 1701 2832 inter—

127 2886 382 2952 ruptum.
446 2879 667 2956 Quippe
724 2880 984 2938 adstabat
1032 2880 1112 2936 illi
1165 2898 1383 2956 semper
1432 2876 1503 2932 ad
1553 2875 1700 2932 latus

131 2977 537 3035 Brachmauum
582 2983 766 3038 nescio
811 2983 970 3058 quis7
1024 2981 1197 3038 fracta
1241 2990 1297 3037 et
1337 2978 1517 3036 flebili
1567 2996 1701 3034 voce

130 3099 336 3138 nomen
385 3082 519 3139 idoli
570 3083 952 3160 Aranganadae
994 3084 1053 3140 iu
1086 3102 1279 3141 aurem
1318 3083 1694 3140 insusurrans.
