2147 3489
452 171 725 210 msromffi
766 166 1086 208 soc1ETAT1s
1128 169 1280 208 JESU.
1561 149 1674 209 301

124 276 532 354 experimentO,
584 283 831 331 sanctam
881 272 977 328 illo
1029 271 1155 330 cibo
1208 271 1410 330 famem
1460 271 1682 350 explere

125 380 316 436 statuit
336 423 349 449 ,
377 397 489 453 quo
522 376 772 434 Christus
800 375 919 451 ipse
952 374 1286 451 pascebatur
1315 394 1439 430 cum
1474 393 1530 431 se
1561 375 1684 430 ani-

124 498 343 534 marum
378 479 554 536 salute
583 497 647 532 ac
675 476 831 532 lucro
863 476 932 532 ali
964 485 1018 533 et
1047 477 1199 533 refici
1224 477 1450 534 diceret.
1489 476 1513 501 ⁴²
1542 476 1684 553 Ergo

123 580 410 658 Belgium,
445 579 544 635 ubi
576 587 799 635 centum
832 576 1207 653 quadraginta
1242 581 1476 653 juvenes
1521 576 1685 653 Angli

125 681 521 738 excolebantur
541 681 596 735 in
622 678 1025 736 Audomarensi
1049 678 1334 735 Societatis
1357 677 1682 749 SeminariO,

124 783 263 857 petit
303 780 374 836 ad
426 800 703 837 sacrarum
757 780 1065 837 litterarum
1116 780 1487 857 comparanda
1536 800 1687 857 prae-

124 880 292 950 sidia,
333 882 640 938 sacerdotio
682 882 954 953 initiatur,
990 891 1044 938 et
1079 883 1314 958 patriam
1356 883 1561 938 revisit.
1598 881 1685 937 Ibi

126 980 414 1039 declinatis
449 981 680 1039 feliciter
718 982 931 1059 aliquot
971 982 1266 1059 periculis,
1301 992 1363 1038 ut
1392 982 1463 1038 ad
1493 1003 1557 1039 ea
1587 1002 1686 1039 su-

123 1085 369 1162 peranda
400 1095 544 1142 esset
579 1104 723 1141 novo
754 1093 1170 1141 auctoramento
1205 1084 1446 1160 paratior
1475 1104 1539 1139 ac
1570 1082 1689 1139 for-

126 1189 253 1259 tior,
306 1188 378 1244 ad
437 1188 762 1244 Societatem
822 1205 879 1242 se
930 1186 1266 1261 aggregavit.
1328 1184 1391 1240 In
1435 1183 1686 1260 Belgium

122 1307 316 1345 rursus
350 1289 664 1365 cogitabat,
704 1287 804 1344 ubi
844 1287 1153 1343 tirocinium
1186 1285 1456 1361 religiosae
1478 1285 1689 1340 militiae

121 1402 391 1467 poneret,
437 1413 566 1449 cum
618 1392 789 1447 tribui
836 1390 1052 1447 solitam
1096 1389 1371 1446 veteranis
1412 1386 1687 1443 militibus

118 1491 365 1548 lauream
417 1493 568 1549 Deus
614 1494 719 1568 ipsi
768 1492 1204 1568 repraesentavit.
1253 1489 1579 1565 Recipiebat
1630 1507 1688 1545 se

120 1593 353 1649 domum
397 1593 700 1668 aliquando
747 1591 853 1648 sub
891 1601 1143 1662 noctem,
1185 1591 1360 1648 solitis
1394 1589 1688 1646 laboribus

120 1695 402 1767 defessus,
454 1695 678 1770 respicit
725 1694 930 1750 instare
974 1692 1080 1749 sibi
1123 1712 1153 1747 a
1196 1700 1351 1766 tergo
1396 1690 1688 1747 mulierem

116 1797 250 1854 olim
294 1796 654 1869 catholicam,
693 1795 792 1854 sed
841 1799 1053 1872 ejurata
1103 1792 1217 1849 fide
1266 1800 1546 1868 quaestum
1595 1791 1687 1847 in-

119 1899 457 1975 vestigandis
486 1909 542 1956 et
571 1898 876 1976 prodendis
910 1895 1305 1953 Sacerdotibus
1340 1894 1518 1954 facere
1555 1905 1687 1952 tunc

116 2011 415 2059 assuetam.
473 2001 718 2058 Maturat
760 1999 1022 2077 gradum.
1079 1998 1345 2074 Sequitur
1393 1997 1682 2074 improba,

119 2104 364 2181 vestigiis
407 2103 718 2176 inhaerenS,
772 2112 828 2160 et
878 2102 1101 2158 nomine
1148 2101 1478 2167 inclamans,
1535 2101 1687 2159 Con-

118 2215 352 2261 currunt
397 2206 596 2279 vicini,
645 2204 910 2262 advolant
958 2203 1210 2277 lictores,
1264 2205 1361 2281 qui
1406 2223 1687 2280 nusquam

121 2305 386 2378 deerant,
431 2328 674 2384 cumque
727 2307 1081 2364 Sacerdotem
1126 2326 1246 2364 esse
1296 2306 1582 2378 audirent,
1628 2305 1686 2361 in

119 2410 429 2467 custodiam
466 2411 773 2487 abripiunt.
809 2410 988 2466 Nemo
1025 2409 1234 2467 scilicet
1268 2408 1534 2465 Sacerdos
1567 2407 1686 2463 Ro-

117 2532 317 2569 manus
346 2514 612 2569 innocens
629 2557 642 2584 ,
674 2529 838 2568 nemo
862 2530 975 2566 non
1014 2530 1176 2567 cruce
1200 2510 1404 2587 dignus
1427 2507 1686 2566 habeba-

120 2623 234 2670 tur.
270 2615 427 2671 Hanc
459 2615 683 2691 irrogati
715 2612 973 2690 supplicii
999 2633 1221 2671 causam
1253 2612 1685 2670 illustrissimam

1723 496 1742 516 '⁴
1762 494 1890 536 Joan.
1914 495 1955 535 4.

120 2717 342 2791 ingente
378 2716 582 2792 gaudio
623 2717 824 2792 Pagius
858 2715 1100 2791 accepit,
1138 2734 1318 2791 eoque
1337 2715 1645 2792 perductus
1667 2758 1682 2786 ,
1719 2765 1724 2769 .

121 2817 222 2876 ubi
275 2826 556 2893 spectante
603 2817 814 2894 populo
864 2825 1187 2889 necaretur,
1227 2836 1284 2874 se
1330 2816 1684 2872 Sacerdotem

122 2920 269 2977 clara
291 2919 573 2996 professus
601 2940 734 2978 voce
754 2966 768 2992 ,
801 2920 1020 2977 addidit
1044 2939 1224 2996 nuper
1251 2918 1594 2994 adscriptum
1625 2919 1683 2974 in

122 3022 447 3078 Societatem
473 3021 627 3080 JeSU.
655 3023 965 3100 Statimque
994 3024 1241 3099 dejectus
1276 3041 1305 3077 e
1338 3019 1530 3092 scalis,
1565 3037 1682 3078 sus-

121 3146 328 3205 pensus
350 3170 366 3199 ,
398 3125 780 3203 dissectusque
803 3135 915 3199 est,
943 3126 1101 3184 tertio
1131 3123 1248 3182 Cal.
1278 3123 1470 3181 Maias.
