2147 3489
118 1574 160 1613 et
171 1570 418 1616 Bosniensis.

467 212 583 271 156
1124 234 1366 273 EPITOME

460 335 732 394 Leonium
778 336 1229 411 Dordracenum,
1276 349 1331 396 et
1371 336 1692 397 Cornelium
1730 340 2032 419 Duystium

461 436 803 498 Delfensem.
851 440 1053 499 Portus
1102 460 1296 500 omnes
1341 444 1622 501 acerrimis
1663 443 2034 520 cingebantur

460 540 743 609 excubiis,
811 542 883 599 de
948 545 1219 620 suspectis
1279 545 1663 604 sacerdotibus
1736 545 2036 603 durissima

459 643 697 717 quaestio
739 643 1088 717 habebatur,
1143 647 1320 722 agniti
1352 656 1408 704 et
1448 648 1779 726 deprehensi
1823 648 2032 725 capite,

458 753 558 800 aut
599 747 820 804 aeternis
869 747 1106 806 vinculis
1169 749 1530 827 tenebrisque
1589 749 2029 807 damnabantur.

457 843 630 901 Erant
665 847 929 905 Patribus
964 858 1093 907 ante
1127 850 1320 908 oculos
1362 851 1484 908 haec
1533 851 1813 929 pericula,
1860 854 2038 927 major

455 948 720 1024 periculis
748 951 1000 1023 animus,
1034 961 1089 1009 et
1120 952 1358 1011 charitas
1394 954 1589 1012 alienae
1619 953 1813 1012 salutis
1844 954 2035 1011 sitiens

454 1046 584 1105 fuit.
622 1050 854 1108 Mutatae
894 1054 1092 1125 vestis,
1138 1064 1194 1111 et
1235 1057 1402 1132 patrii
1452 1057 1723 1114 sermonis
1758 1056 2034 1113 beneficio

456 1149 747 1208 eluserunt
776 1154 1009 1230 vigilum
1041 1155 1411 1232 diligentiam,
1449 1169 1504 1213 et
1527 1159 1712 1213 statim
1736 1177 1835 1234 per
1855 1158 2035 1215 varias

455 1252 630 1310 urbes
662 1254 826 1312 effusi
860 1255 1141 1313 dederunt
1175 1258 1398 1314 initium
1440 1258 1688 1316 Missioni
1731 1260 2032 1333 Batavicae,

454 1375 585 1432 quae
621 1356 740 1414 sine
783 1361 1118 1435 cujusquam
1163 1359 1470 1418 offensione
1513 1369 1612 1417 aut
1652 1361 1882 1438 querela
1925 1381 2039 1419 ma-

453 1476 595 1535 gnos
623 1458 823 1517 afferre
851 1459 1071 1518 fructus
1097 1462 1300 1539 pergit.

618 1562 746 1617 Non
788 1571 906 1618 erat
948 1564 1007 1619 in
1048 1564 1285 1638 Bosnia,
1333 1564 1556 1639 Servia,
1610 1566 1936 1641 Sclavonia,
1980 1576 2037 1625 et

454 1661 715 1739 Bulgaria
772 1662 975 1738 levior,
1022 1687 1195 1743 quam
1238 1669 1297 1724 in
1339 1668 1563 1745 Belgio,
1612 1669 1897 1728 calamitas
1952 1690 2039 1728 ca-

452 1762 814 1821 tholicorum.
849 1766 1010 1824 Hanc
1053 1768 1246 1826 Simon
1273 1770 1518 1829 Joannes
1550 1771 1896 1845 Taxicchus,
1943 1771 2036 1829 Sa—

454 1866 652 1925 cerdos
712 1867 1064 1944 Bosniensis,
1118 1891 1248 1929 cum
1297 1873 1531 1951 propius
1571 1874 1916 1947 intueretur,
1963 1874 2036 1931 ad

451 1978 736 2047 pastorem
775 1970 1035 2030 Ecclesiae
1083 1973 1323 2031 Romam
1371 1985 1705 2049 accesserat,
1758 1995 1925 2054 opem
1959 1975 2038 2033 la-

450 2071 676 2130 boranti
698 2075 893 2150 patriae
914 2076 1220 2153 petiturus,
1247 2097 1376 2153 quae
1392 2077 1466 2133 ab
1490 2077 1790 2150 haereticis,
1811 2077 2031 2151 TurciS,

451 2185 508 2235 et
538 2176 902 2236 schismaticis
942 2178 1096 2247 velut
1124 2179 1352 2238 obsessa
1381 2180 1701 2238 tenebatur.
1737 2181 1995 2239 Pontifex
2015 2225 2030 2253 ,

450 2278 540 2337 his
580 2278 786 2337 auditis
830 2279 1172 2338 Taxicchum
1214 2282 1286 2339 ad
1328 2283 1702 2361 Praepositum
1745 2283 2033 2342 Societatis

447 2382 686 2440 remisit.
733 2381 1023 2460 Aquaviva
1066 2384 1225 2442 dedit
1267 2405 1495 2464 operam
1539 2398 1604 2444 ut
1645 2386 1797 2445 idem
1840 2387 2033 2444 Simon

450 2482 658 2543 rediret
691 2486 748 2542 in
777 2487 1016 2563 patriam
1047 2508 1177 2545 cum
1208 2498 1451 2566 quatuor
1481 2509 1512 2546 e
1541 2489 1813 2546 Societate
1846 2489 2033 2545 Sacer-

450 2587 714 2662 dotibus,
764 2589 863 2666 qui
914 2589 1107 2648 multis
1164 2591 1221 2647 in
1272 2591 1408 2649 locis
1443 2596 1721 2668 jacentem
1764 2591 2029 2667 pietatem

450 2701 777 2765 erexerunt,
817 2692 1035 2749 scholas
1059 2692 1359 2751 catholicas
1389 2693 1594 2770 passim
1626 2691 1991 2748 instituerunt
2011 2735 2026 2764 ,

449 2813 515 2850 ac
557 2792 855 2870 plerasque
898 2794 955 2849 in
994 2794 1060 2851 iis
1094 2795 1231 2871 ipsis
1269 2796 1371 2852 ubi
1401 2796 1599 2852 Turcae
1633 2814 1822 2851 rerum
1856 2794 2032 2870 potie-

448 2895 661 2954 bantur
703 2895 946 2973 oppidis.
994 2896 1058 2952 In
1103 2898 1296 2974 primis
1331 2917 1480 2954 curae
1518 2896 1626 2953 fnit
1656 2906 1719 2953 ut
1751 2896 2030 2953 initiaren-

448 3007 544 3056 tur
587 2998 766 3055 Sacris
802 2997 1114 3056 Ordinibus
1157 2997 1503 3057 Sacerdotes.
1546 2998 1699 3056 Nulli
1745 2998 2031 3055 enimaut

448 3103 617 3181 pauci
653 3100 963 3159 admodum
997 3101 1221 3161 fuerant
1260 3102 1335 3160 ab
1377 3102 1537 3162 annis
1571 3100 1881 3160 admodum
1933 3097 2027 3153 tri-

451 3205 607 3283 ginta
635 3205 958 3264 consecrati.
