2147 3489
511 304 782 344 HISTORIAE
825 304 1144 342 soc1ETAT1s
1187 307 1337 346 ,τι-ΕΠ.
1602 289 1717 348 117

157 405 287 464 tinis
321 407 613 481 PatribuS,
658 427 690 464 a
727 407 968 464 Summis
1005 407 1373 468 Pontificibus
1414 421 1526 470 tam
1570 433 1717 493 saepe
1755 424 1957 494 quomoao
2013 430 2054 463 et

160 511 455 587 approbati
486 532 497 567 z
533 519 709 587 utque
730 512 941 587 Regem
971 530 1000 566 a
1042 520 1297 588 suscepta
1328 516 1596 572 sententia
1625 517 1719 574 de-
1755 503 1825 530 ων
1858 494 2020 540 mecm

158 609 454 686 ducerent,
495 613 839 690 collegerunt
877 612 1229 689 gravissimas
1269 615 1544 688 rationeS,
1587 637 1718 693 quae

159 714 528 771 ostendebant
559 716 936 773 Visitationem
981 719 1100 792 ejus
1132 719 1348 792 generis
1387 737 1570 794 neque
1600 738 1718 777 esse

155 818 548 889 necessariam,
601 837 785 893 neque
833 818 905 873 ad
954 818 1302 891 remedium,
1344 819 1388 876 si
1426 837 1539 895 quo
1575 829 1720 877 esset

155 935 331 993 opuS,
397 919 746 976 afferendum
805 928 1181 995 opportunam
1230 941 1241 976 :
1291 919 1548 976 Societati
1589 939 1720 976 vero

150 1016 318 1092 plane
359 1019 699 1096 pestiferam.
747 1019 814 1075 Id
863 1019 1124 1097 Philippo
1167 1029 1222 1077 et
1257 1041 1357 1098 per
1409 1021 1719 1098 supplicem

152 1116 412 1198 libellum
478 1121 584 1197 ipsi
649 1119 935 1194 oblatum,
987 1130 1043 1178 et
1094 1141 1279 1178 coram
1337 1122 1720 1182 demonstrare

151 1219 276 1276 viva
326 1240 459 1277 voce
504 1221 875 1295 studuerunt,
921 1242 1032 1279 non
1069 1224 1230 1300 pauci
1277 1223 1569 1280 dumtaxat
1610 1225 1720 1301 pri-

150 1323 297 1394 vati,
336 1323 435 1380 sed
468 1323 772 1380 Provinciae
810 1343 1003 1381 omnes
1036 1325 1320 1382 Societatis
1363 1326 1421 1381 in
1452 1326 1719 1402 Hispania

149 1432 204 1480 et
251 1423 532 1481 Lusitania
588 1444 600 1481 ε
663 1444 791 1501 quae
849 1425 1115 1500 gravibus
1172 1425 1369 1482 litteris
1432 1426 1717 1482 communi

150 1526 367 1601 scriptis
398 1526 622 1581 nomine
642 1568 655 1595 ,
690 1544 1046 1580 communem
1078 1545 1301 1580 causam
1325 1537 1712 1602 susceperunt.

149 1623 222 1681 At
253 1626 446 1681 Romae
485 1624 753 1682 Claudius
797 1624 1115 1701 Aquaviva,
1155 1626 1234 1682 rei
1271 1628 1540 1701 gravitate
1573 1647 1720 1684 com-

147 1736 365 1799 motus,
398 1737 453 1783 et
480 1728 538 1782 in
569 1728 719 1802 Rege
749 1727 992 1802 praesidii
1024 1747 1224 1803 parum
1265 1729 1494 1802 videns,
1535 1730 1722 1786 Ponti-

147 1827 312 1883 ficem
370 1827 658 1884 confestim
704 1827 860 1883 adiit.
920 1828 1022 1885 Cui
1075 1827 1304 1885 Sixtus:
1351 1850 1713 1906 persuasum,

148 1928 362 2004 inquit,
405 1928 568 1985 nobis
611 1938 693 1985 est
726 1928 1008 2005 religiosas
1045 1929 1313 2003 familias,
1351 1933 1457 1988 nisi
1494 1953 1593 2009 per
1621 1932 1719 1989 ho-

152 2031 330 2087 mines
353 2050 382 2087 e
405 2031 518 2087 suis
542 2030 835 2088 ordinibus
851 2075 866 2104 ,
892 2032 1101 2088 visitari
1130 2052 1244 2089 non
1267 2033 1474 2090 debere
1505 2056 1516 2090 ε
1544 2034 1719 2111 idque

148 2133 334 2209 ipsum
379 2133 643 2210 peculiari
681 2153 781 2210 per
824 2153 916 2191 eos
967 2133 1084 2191 dies
1131 2134 1352 2192 decreto
1395 2136 1713 2207 sanximust,

147 2256 341 2292 verum
384 2237 475 2293 isti
516 2238 680 2294 nobis
719 2246 830 2293 tam
863 2236 1142 2294 obstinate
1172 2236 1389 2294 molesti
1420 2246 1475 2294 et
1502 2238 1719 2314 impor-

148 2339 271 2395 tuni
313 2338 541 2396 fuerunt
562 2384 576 2412 ,
620 2349 684 2396 ut
716 2338 962 2419 diploma
993 2357 1317 2415 expressum
1349 2337 1544 2410 fuerit,
1578 2347 1633 2394 et
1660 2338 1719 2393 in

148 2438 473 2515 Hispaniam
512 2443 918 2498 transmissum.
968 2438 1118 2511 Quid
1156 2438 1388 2495 remedii
1431 2437 1718 2514 superest?

151 2539 272 2596 Hoc
303 2550 586 2616 superest,
633 2542 819 2618 inquit
862 2540 1183 2617 Aquaviva,
1228 2548 1292 2596 ut
1335 2540 1718 2597 Yisitationem

149 2660 263 2697 non
291 2651 419 2698 ante
441 2643 860 2719 aggrediantur,
893 2663 1063 2719 quam
1095 2642 1452 2699 Sanctitatem
1479 2652 1718 2701 vestram

152 2742 222 2798 de
265 2743 527 2801 omnibus
564 2743 770 2801 faciant
802 2746 1122 2818 certiorem,
1163 2756 1217 2802 et
1247 2747 1351 2822 ipsi
1391 2747 1569 2823 capita
1598 2767 1721 2824 per-

151 2843 434 2916 scribant,
482 2845 553 2901 de
603 2846 814 2921 quibus
856 2866 1088 2904 examen
1138 2847 1548 2906 instituendum
1598 2869 1720 2905 cen-

152 2943 384 3000 suerint.
445 2942 672 3002 Addidit
721 2948 976 3004 nonnihil
1036 2950 1187 3026 quod
1248 2951 1434 3026 ipsum
1497 2949 1721 3026 proprie

154 3042 484 3100 Mauricium
521 3049 841 3122 spectabat,
881 3049 1036 3126 quod
1073 3051 1240 3108 simul
1270 3061 1440 3127 atque
1469 3050 1723 3106 Pontifex

150 3142 453 3217 intellexit,
489 3149 714 3205 omnino
737 3150 1012 3226 judicavit
1041 3172 1396 3228 nequaquam
1434 3151 1627 3207 decere
1657 3158 1722 3206 ut

152 3242 260 3301 hoc
288 3243 369 3301 illi
400 3248 686 3323 negotium
729 3252 1190 3326 committeretur,
1231 3272 1294 3309 ac
1330 3253 1470 3331 Regi
1509 3253 1722 3312 denun-
