2147 3489
185 226 303 287 313

185 348 316 381 Annus

188 1055 308 1103 1594

183 1728 304 1775 1595

189 2562 309 2610 1596

989 244 1158 284 INDEX
1171 270 1182 282 .

377 390 431 436 In
455 389 612 437 Scotia
636 390 724 436 ΡΡ.
745 389 931 436 Critton
953 397 1000 436 et
1023 389 1293 437 Gordonius
1316 414 1376 420 -—
1400 386 1722 433 Seminarium
1745 383 1860 430 Sco-
1872 341 2010 383 Pagina,

441 476 591 518 ticum
627 473 771 517 Duaci
800 499 860 506 —
893 472 1156 519 Seminaria
1195 473 1508 518 Hibernicum
1538 469 1858 529 olysippone,

337 541 339 543 ¹
435 555 691 615 Anglicum
716 555 975 600 Audomari
1018 581 1857 601 ...........
1926 547 2016 593 170

375 638 617 698 Ingressus
638 643 688 683 in
723 654 923 698 regnum
956 638 1178 684 Chilense
1184 663 1858 682 .........
1928 630 2013 674 171

373 718 580 765 Labores
598 723 647 764 in
673 720 965 765 Tucumania
981 754 993 773 ,
1017 719 1290 780 Paraguaia‚
1313 718 1510 763 Peruvia
1519 746 1859 762 .....
1926 711 2016 756 172

369 799 638 861 Collegium
663 802 876 846 Platense
904 827 958 834 —
987 802 1159 847 Insulae
1186 802 1398 848 Canariae
1423 827 1859 845 ......
1928 794 2016 839 174

377 883 429 928 ln
463 885 665 944 Japonia
695 888 803 943 quis
834 899 996 930 rerum
1025 892 1196 942 status,
1228 890 1279 930 in
1303 884 1509 929 adventu
1532 882 1620 928 ΡΡ.
1646 881 1862 927 Francis-

438 980 689 1011 canorum.
768 995 1858 1013 ..............
1927 959 2016 1005 175

373 1056 571 1103 Initium
594 1064 931 1104 controversiae
953 1061 1011 1105 de
1041 1059 1243 1105 Auxiliis
1270 1086 1859 1105 ........
1927 1054 2014 1099 177
2096 1064 2105 1073 ·

370 1139 424 1184 Ρ.
467 1139 716 1185 Cornelius
754 1144 804 1185 in
842 1141 1012 1202 Anglia
1044 1146 1191 1188 morti
1224 1141 1427 1187 traditus
1460 1167 1522 1175 —
1555 1140 1608 1186 P.
1650 1130 1861 1185 Gerardii

432 1227 690 1269 cruciatus.
771 1251 1858 1270 ..............
1926 1217 2016 1263 178

369 1306 422 1352 Ρ.
449 1307 658 1353 Lelesius
682 1309 740 1353 ab
765 1310 1001 1355 haereticis
1022 1323 1209 1355 veneno
1233 1308 1514 1366 absumptus
1521 1336 1862 1351 .....
1930 1301 2016 1347 181

373 1389 428 1435 P.
458 1390 522 1436 De
543 1391 687 1450 Tapia
710 1407 735 1436 a
761 1392 973 1437 barbaris
996 1395 1315 1449 interemptus
1349 1416 1861 1435 .......
1932 1382 2020 1428 182

368 1471 423 1517 In
443 1472 588 1519 Gallia
614 1478 829 1533 pristinae
852 1476 958 1520 lites
1016 1501 1859 1519 ...........
1927 1467 2018 1513 185

370 1554 501 1601 Nova
522 1556 766 1602 domicilia
785 1584 840 1592 —-
867 1558 1116 1602 Provincia
1140 1557 1528 1615 Philippinarum
1595 1587 1609 1599 .
1683 1588 1694 1599 .
1763 1586 1775 1598 .
1845 1583 1862 1600 .
1930 1550 2020 1596 184

370 1635 583 1681 Rutheni
608 1653 631 1682 a
658 1639 921 1684 Schismate
949 1640 1182 1682 revocati.
1208 1659 1266 1666 —
1292 1638 1513 1690 synodus
1538 1637 1779 1678 Brestana.
1847 1665 1860 1677 .
1929 1633 2021 1678 185

368 1727 421 1773 P.
449 1727 735 1772 Southwelli
758 1740 888 1770 mors
910 1725 1213 1769 acerbissima
1238 1748 1294 1757 —-
1324 1723 1443 1767 Item
1468 1722 1520 1767 P.
1544 1722 1749 1781 Walpoli
1773 1729 1864 1767 etc.
1932 1723 2021 1769 187

369 1810 423 1856 P.
449 1809 711 1854 Brilmaker
731 1821 917 1852 veneno
941 1807 1131 1851 tollitur
1182 1836 1860 1851 .........
1931 1805 2020 1852 192

367 1891 422 1938 P.
450 1890 692 1950 Guignard
715 1892 871 1949 capite
892 1888 1144 1933 damnatus
1169 1914 1225 1922 —
1250 1887 1375 1934 Socii
1402 1886 1619 1943 Parisiis,
1647 1887 1811 1931 exules
1852 1919 1863 1931 .
1929 1886 2020 1932 195

369 1974 423 2020 In
443 1974 859 2034 Transsylvaniam
880 1971 1134 2016 reditus—
1157 1970 1366 2030 Collegia
1388 1969 1580 2015 condita
1602 1971 1696 2015 hoc
1716 1983 1862 2014 anno.
1930 1969 2020 2016 195

375 2057 514 2104 Gesta
536 2060 587 2102 in
611 2057 881 2110 Pannonia,
907 2054 1066 2098 insula
1099 2052 1242 2108 Chio,
1269 2052 1428 2108 Naxo,
1466 2051 1694 2111 Ceylano.
1766 2084 1777 2096 .
1847 2083 1861 2096 .
1928 2050 2019 2098 196

372 2139 641 2199 Collegium
675 2139 914 2183 Macaense
940 2162 996 2170 —
1028 2136 1207 2180 Domus
1239 2134 1608 2191 Nankamensis‚
1642 2137 1693 2179 in
1719 2133 1863 2180 Sinis.
1931 2134 2018 2181 197

371 2220 425 2267 P.
449 2221 645 2266 Hieron.
665 2220 892 2265 Xaverius
914 2222 965 2264 in
983 2220 1166 2280 Mogole
1187 2243 1249 2251 —-
1270 2218 1324 2263 P.
1350 2217 1581 2279 Georgius
1602 2221 1654 2263 in
1681 2217 1864 2264 AEthio-

436 2307 538 2363 pia,
563 2303 800 2348 occiditur
852 2333 1857 2349 .............
1928 2301 2017 2348 199

368 2386 568 2432 Initium
591 2386 881 2430 Madurensis
909 2386 1142 2432 Missionis
1173 2418 1855 2432 .........
1922 2385 2011 2431 201

373 2468 430 2514 In
441 2471 642 2529 Japonia
658 2470 743 2514 ΡΡ.
758 2470 1059 2514 Franciscani
1079 2485 1175 2516 suae
1192 2474 1357 2530 pietati
1374 2471 1572 2515 liberius
1589 2469 1863 2530 indulgent.
1927 2468 2019 2515 202

373 2562 531 2609 Missio
556 2563 613 2607 ad
638 2563 890 2608 Maronitas
917 2567 1176 2608 instaurata
1185 2594 1859 2608 .........
1926 2561 2019 2608 205

380 2646 548 2693 Obitus
562 2647 697 2691 Card.
719 2647 1100 2693 Toleti—Henr.
1123 2663 1149 2693 a
1163 2648 1469 2706 Lotharingia
1485 2673 1545 2679 -—
1559 2647 1610 2691 P.
1627 2646 1862 2693 Carillius.
1928 2645 2019 2691 204

376 2730 645 2789 Anglorum
670 2728 990 2775 Seminarium
1015 2732 1235 2776 turbatur
1254 2756 1309 2764 —
1333 2729 1620 2776 Gaditanum
1639 2733 1864 2772 vastatur.
1931 2726 2022 2772 207

376 2813 633 2871 Naufragio
660 2812 821 2872 plures
846 2821 1051 2869 pereunt
1098 2840 1857 2858 ..........
1924 2808 2017 2855 208

375 2895 429 2941 Ρ.
469 2896 724 2940 Montanus
756 2897 805 2938 in
842 2894 1025 2953 Belgi03
1052 2895 1104 2939 P.
1132 2896 1286 2954 Lopes
1323 2908 1349 2938 a
1381 2892 1592 2937 barbaris
1632 2894 1775 2936 occisi
1802 2917 1863 2924 —

380 2977 590 3036 Colle-gia
613 2979 822 3021 recentia
844 3002 903 3009 —
929 2975 1158 3022 Sodalitas
1181 2977 1234 3021 B.
1260 2977 1314 3022 V.
1341 2981 1556 3020 accusata
1579 2981 1626 3020 et
1647 2974 1856 3019 defensa.
1924 2974 2015 3021 209

380 3059 642 3105 Mercatura
669 3059 896 3117 objicitur
918 3058 1133 3103 Patribus
1155 3061 1204 3102 in
1227 3058 1426 3117 Japonia
1433 3088 1859 3102 ......
1925 3057 2013 3101 211

380 3141 522 3202 Apud
546 3141 679 3187 Sinas
703 3141 954 3186 Sociorum
976 3143 1180 3184 vexatio.
1261 3170 1856 3185 ........
1923 3139 2017 3184 215

379 3224 496 3271 Acta
529 3227 580 3269 in
618 3223 829 3270 Chilensi
862 3237 1036 3284 regno;
1072 3225 1123 3267 in
1157 3222 1466 3283 Philippinis3
1501 3222 1629 3282 apud
1654 3221 1863 3282 Carigios
1925 3221 2017 3266 215
