2147 3489
109 315 129 334 ⁴
148 311 261 356 Ibid.
284 326 331 356 n.
356 314 407 355 19

167 1128 352 1170 Visitatio

106 1194 315 1236 Societatis

109 1949 182 1990 per
198 1940 410 1976 externum

112 2000 340 2044 Antistitem
354 2032 365 2054 ,

449 173 562 231 116
1108 191 1350 230 EPITOME

441 298 763 374 quominus
783 293 854 351 id
871 292 956 350 ad
965 292 1344 371 Superiorem
1366 296 1590 371 referri
1601 297 1808 373 possit.
1825 291 1854 319 *
1876 291 2012 349 Haec

439 398 626 456 onmia
661 398 986 475 purpuratis
1015 396 1277 454 Patribus
1313 397 1447 454 huic
1477 397 1771 475 quaestioni
1798 412 2014 473 praepo-

441 501 559 560 sitis
602 500 828 556 omnino
874 499 1291 571 satisfecerunt,
1331 519 1445 556 non
1486 501 1619 556 item
1662 499 1725 555 P.
1761 496 2011 566 Juliano,

441 603 540 680 qui
576 622 704 659 cum
733 603 994 680 pristinas
1036 621 1258 658 movere
1289 601 1485 658 turbas
1520 611 1802 679 pergeret,
1829 615 2015 675 neque

439 703 675 761 vocibus
726 702 1142 761 contumeliosis
1198 703 1256 758 in
1306 702 1660 776 Cardinales,
1718 704 1777 759 in
1826 703 2014 778 ipsum

442 824 728 863 summum
753 806 1080 862 Pontificem
1101 804 1429 878 abstineret,
1454 806 1705 864 inclusus
1734 816 1840 880 est,
1879 815 2016 862 tarn-

442 927 614 984 quam
646 927 847 984 parum
881 927 1029 964 sanae
1067 907 1292 980 mentis,
1325 909 1379 963 in
1414 927 1713 981 carcerem,
1750 909 1808 964 in
1836 926 2016 985 eoque

440 1009 635 1086 paucis
656 1019 785 1085 post
815 1008 1103 1066 mensibus
1134 1009 1303 1065 vitam
1334 1008 1611 1066 infelicem
1643 1010 1860 1068 clausit.

609 1112 776 1184 Quod
806 1111 1066 1170 Julianus
1104 1113 1258 1170 velut
1301 1122 1493 1190 aperto
1536 1115 1713 1171 Marte
1753 1114 2019 1171 molieba-

441 1223 559 1288 tur,
597 1215 657 1272 id
688 1214 779 1271 alii
812 1214 1043 1291 quidam
1075 1236 1106 1273 e
1143 1217 1345 1274 nostris
1380 1237 1570 1274 rerum
1607 1237 1880 1274 novarum
1915 1237 2020 1273 cu-

441 1317 592 1395 pidi,
628 1338 728 1394 per
758 1317 1047 1376 cuniculos
1070 1319 1290 1377 efficere
1321 1321 1503 1377 conati
1536 1330 1667 1378 sunt
1686 1366 1700 1394 ,
1727 1330 1783 1378 et
1811 1329 2021 1379 statum

443 1419 729 1476 Societatis
772 1420 1073 1477 immutare
1113 1441 1214 1498 per
1253 1423 1567 1499 speciosum
1603 1442 1810 1479 nomen
1843 1421 2022 1479 refor-

442 1521 725 1577 mationis.
801 1520 1065 1596 Philippo
1130 1523 1246 1597 regi
1310 1507 1596 1580 Catholico
1662 1543 2019 1600 persuasere,

442 1622 623 1678 multa
660 1640 780 1678 esse
816 1621 874 1676 in
905 1620 1176 1677 Societate
1207 1643 1335 1697 quae
1377 1624 1536 1696 tolli,
1573 1625 1890 1699 emendari,
1928 1644 2023 1682 re-

443 1726 598 1785 stitui
635 1732 935 1801 oporteret.
965 1722 1102 1779 Inde
1127 1732 1307 1797 natas,
1335 1745 1463 1800 quae
1497 1726 1651 1781 illam
1675 1727 1732 1781 in
1757 1726 2025 1803 Hispania

444 1826 753 1898 vexabant,
791 1824 1010 1881 turbas.
1050 1823 1115 1880 Id
1149 1844 1317 1901 porro
1355 1846 1470 1882 non
1505 1846 1670 1904 posse
1711 1828 1833 1885 fieri
1876 1848 2025 1886 com-

446 1929 707 2002 modiUS,
747 1948 918 2004 quam
961 1929 1005 1985 si
1047 1929 1350 2006 praecipuae
1392 1931 1737 1989 auctoritatis
1778 1930 2024 1991 Antistes
2064 1911 2066 1918 A

445 2034 710 2092 lustraret
751 2034 871 2108 ejus
921 2030 1238 2105 domicilia,
1289 2041 1345 2089 et
1394 2034 1628 2110 cognitis
1671 2034 2024 2110 singulorum

445 2135 702 2193 moribus
732 2144 787 2191 et
816 2133 1090 2210 querelis,
1130 2135 1317 2190 omnia
1356 2154 1460 2211 pro
1491 2135 1727 2212 imperio
1757 2135 2025 2193 arbitrio-

447 2257 560 2315 que
601 2244 981 2313 componeret.
1021 2236 1167 2293 Huic
1210 2239 1433 2315 negotio
1463 2239 1582 2295 Rex
1613 2239 2024 2318 Hieronymum

447 2342 781 2401 Manricium
805 2339 1300 2417 Carthaginensem
1331 2341 1669 2419 Episcopum
1694 2341 2022 2416 destinavit,

451 2453 735 2501 annuente
757 2443 989 2499 Summo
1013 2442 1312 2516 Pontifice,
1340 2443 1716 2520 probantibus
1739 2443 2023 2501 Cardinali

454 2547 731 2624 Quiroga,
769 2545 1079 2621 ceterisque
1121 2546 1290 2602 sacris
1316 2546 1749 2618 Quaesitoribus.
1786 2544 1862 2600 Ut
1893 2562 2023 2601 vero

452 2650 514 2708 id
542 2650 733 2705 mitius
761 2648 1129 2724 acciperetur,
1160 2648 1421 2725 imposita
1444 2649 1710 2706 Manrieio
1740 2646 2024 2723 provincia

451 2751 640 2832 palam
675 2757 793 2807 erat
827 2747 1160 2825 inspiciendi
1195 2749 1481 2826 religiosas
1522 2768 1714 2807 omnes
1749 2748 1984 2807 familias
2007 2793 2023 2824 ,

453 2852 711 2932 quamvis
754 2869 819 2907 ea
859 2849 1117 2907 machina
1157 2851 1216 2906 in
1254 2851 1581 2909 Societatem
1612 2852 1775 2908 unice
1807 2871 2028 2929 compa-

452 2966 573 3016 rata
603 2964 781 3028 esset,
823 2963 887 3010 ut
915 2955 1034 3031 ipse
1063 2954 1366 3011 Mauricius
1401 2973 1514 3010 non
1549 2953 1787 3011 obscure
1819 2954 2026 3030 signifi-

454 3061 640 3122 cabat.
668 3060 996 3137 Ingemuere
1027 3057 1170 3113 Socii
1195 3065 1445 3113 amantes
1472 3055 1787 3133 disciplinae
1823 3056 2023 3112 veteris

451 3172 510 3221 et
542 3161 785 3224 Instituti
816 3160 991 3220 nostri
1033 3159 1106 3217 ab
1138 3158 1293 3217 Orbe
1326 3159 1640 3218 Christiano
1662 3203 1678 3234 ,
1717 3179 1747 3215 a
1792 3157 2024 3216 Triden-
