2147 3489
435 254 707 320 ms‘romffi
749 277 1068 317 somETAT1s
1111 280 1261 317 JESU.
1517 258 1631 318 157

233 384 338 442 Per
373 383 521 441 idem
549 391 774 458 tempus
809 381 971 438 variis
1000 381 1058 436 in
1090 379 1227 437 locis
1256 381 1636 457 expeditiones

71 485 412 562 Evangelicae
452 491 582 542 sunt
624 492 917 560 susceptae.
956 482 1178 559 Duplex
1210 503 1240 540 e
1271 483 1514 559 Collegio
1536 484 1639 541 Ca-

73 587 384 644 menecensi
420 594 602 641 turma
641 602 922 640 sacrorum
953 583 1192 640 militum
1225 582 1471 660 profecta
1508 594 1591 642 est
1620 606 1632 641 :

72 710 183 746 una
214 692 270 747 in
296 688 644 760 Valachiam,
676 688 735 742 in
758 685 1059 743 Ukraniam
1083 685 1276 743 altera.
1305 686 1638 744 Miserabilis

71 802 188 849 erat
236 791 600 848 Valachorum
654 790 906 862 inscitia7
959 789 1198 846 maxime
1244 788 1632 844 Sacerdotum.

72 892 212 950 Satis
237 912 517 969 superque
550 892 920 950 censebantur
942 891 1169 962 eruditi,
1196 891 1237 947 si
1263 887 1639 945 Sacerdotales

68 1013 260 1071 preces
296 994 568 1051 inoffensa
607 1013 741 1051 voce
776 995 1005 1051 recitare
1041 1002 1287 1070 possent.
1333 993 1596 1068 Princeps
1618 1034 1633 1063 .,

69 1114 240 1170 quem
292 1095 592 1152 Vaivodam
645 1095 961 1172 appellant,
1014 1094 1204 1152 Patres
1261 1093 1476 1170 excepit
1517 1111 1639 1168 per-

67 1192 408 1267 humaniter,
457 1216 628 1272 seque
666 1216 795 1251 cum
856 1195 1068 1272 populo
1125 1194 1445 1252 docendum
1487 1192 1637 1249 ultro

70 1294 244 1352 dedit.
289 1295 533 1352 Ukrania
570 1295 814 1352 Pontum
848 1296 1126 1354 Euxinum
1159 1317 1350 1355 versus
1400 1296 1638 1374 porrigi-

70 1406 162 1453 tur
199 1419 209 1452 :
252 1416 381 1473 ager
414 1417 674 1474 magnam
717 1408 933 1474 partem
978 1398 1260 1470 incultus,
1304 1398 1641 1456 Cosacorum

69 1507 125 1555 et
148 1497 504 1555 Tartarorum
530 1508 680 1555 metu
704 1522 718 1569 ς
745 1499 911 1554 animi
936 1500 1102 1555 etiam
1125 1500 1271 1575 agris
1294 1498 1636 1555 incultioreS.

70 1600 265 1657 Sterile
302 1601 624 1677 ceteroquin
649 1599 831 1657 solum
869 1603 1106 1676 majores
1140 1601 1400 1677 opinione
1421 1599 1640 1658 fructus

69 1701 265 1759 edidit.
297 1700 417 1758 Alia
448 1703 518 1760 de
547 1711 705 1779 parte
738 1721 1071 1779 procursum
1093 1702 1256 1759 estin
1279 1700 1602 1758 Esthoniam
1623 1745 1637 1774 a

69 1802 312 1859 Livoniae
335 1814 549 1880 partem
574 1803 839 1881 amplam.
877 1804 1068 1861 Gentis
1108 1805 1324 1861 caecitas
1354 1805 1445 1860 vix
1469 1805 1644 1862 credi-

70 1903 222 1961 bilis.
270 1900 558 1981 Baptismi'
588 1905 1007 1962 Sacramentum
1058 1923 1122 1961 eo
1172 1905 1449 1980 pertinere
1483 1904 1646 1962 dum-

69 2013 219 2061 taxat
242 2005 664 2078 existimabant,
699 2016 763 2063 ut
797 2025 972 2083 puero
1001 2024 1208 2063 nomen
1238 2005 1638 2082 imponeretur.

70 2106 392 2164 Inferebant
422 2107 691 2184 sepulcris
728 2107 1023 2180 alimenta„
1057 2106 1270 2184 quibus
1293 2107 1493 2164 animae
1514 2126 1644 2166 ves—

69 2217 358 2279 cerentur;
399 2218 454 2266 et
490 2210 860 2267 instrumenta
895 2212 1014 2286 ejus
1050 2210 1183 2267 artis
1208 2229 1379 2286 quam
1402 2210 1642 2287 quisque

69 2311 128 2366 in
150 2311 260 2367 vita
289 2320 641 2384 exercuerat,
675 2321 739 2368 ut
766 2312 1000 2369 haberet
1030 2321 1158 2390 post
1193 2312 1413 2369 obitum
1436 2357 1450 2386 7
1485 2313 1642 2390 quod

70 2420 287 2488 ageret.)
331 2421 386 2468 et
420 2412 571 2470 unde
599 2414 893 2471 victitaret.
935 2413 1074 2471 Tam
1108 2415 1279 2472 tristis
1313 2414 1639 2491 ignorantiae

70 2531 181 2568 nox
231 2522 286 2569 et
332 2515 738 2589 superstitionis
790 2515 995 2591 depelli
1046 2515 1316 2573 hactenus
1358 2535 1389 2571 a
1438 2515 1641 2572 nostris

72 2632 185 2669 non
215 2623 472 2690 potuerat
504 2615 578 2671 ob
616 2615 822 2691 linguae
853 2615 1164 2673 Esthonicae
1199 2615 1589 2673 difficultatem
1624 2637 1637 2672 :

73 2714 172 2771 sed
202 2734 323 2771 eam
346 2716 586 2774 instante
609 2719 848 2795 graviter
877 2716 1194 2794 Aquaviva,
1229 2738 1492 2796 superare
1520 2719 1642 2796 qui-

73 2814 202 2871 dam
234 2836 265 2872 e
294 2817 465 2875 Sociis
503 2820 745 2895 aggressi
773 2819 941 2875 modo
978 2828 1156 2878 erant.
1196 2820 1512 2877 Hommona
1551 2839 1639 2877 su-

72 2915 302 2991 perioris
325 2918 626 2995 Hungariae
656 2922 728 2978 ad
758 2931 1005 2979 montem
1039 2922 1332 3000 Carpatem
1365 2921 1636 2999 oppidum

74 3026 176 3074 est.
214 3017 395 3094 Hujus
444 3019 737 3096 dominus7
783 3043 966 3082 comes
998 3024 1268 3102 Georgius
1312 3023 1635 3100 Dughetus,

75 3122 283 3179 vocatis
307 3122 597 3197 Patribus,
630 3125 826 3184 lolium
858 3126 1126 3183 doctrinae
1157 3126 1443 3183 deterioris
1486 3122 1640 3180 evel-

74 3223 189 3284 lere
217 3224 456 3285 studuit.
491 3226 835 3306 Septingenti
863 3228 936 3286 ab
966 3228 1352 3286 haereticorum
1381 3224 1638 3302 partibus

1725 388 1916 431 Excursio

1673 453 1970 507 inValachiam,

1678 1310 1896 1352 Ukraniam
1906 1340 1920 1362 ‚

1677 1718 1911 1762 Esthoniam
1921 1750 1935 1773 ,

1676 2830 1718 2872 in
1737 2829 1930 2884 oppidum

1676 2899 1710 2937 H
1713 2908 1914 2939 ommonae
1925 2927 1938 2950 ,
