2147 3489
449 234 718 272 fflsromffi
760 233 1078 270 socOETA‘ris
1122 235 1274 273 Jrzsu.
1532 218 1649 275 2239

98 338 453 407 Catalaunia3
510 335 701 407 Oscae,
745 336 804 390 in
855 333 1157 411 Aragonia3
1211 336 1554 409 Frexenalae,
1595 340 1652 394 in

95 440 338 509 Baetica,
378 437 691 508 Guadiciae,
745 454 959 492 necnon
1012 435 1287 511 Singiliae,
1335 438 1448 494 sive
1492 437 1654 495 Auti-

96 541 255 597 cariae
296 542 352 596 in
389 557 558 615 regno
602 537 955 601 Granatensi2,
995 535 1195 606 Phari,
1239 537 1297 593 in
1356 538 1649 614 Algarbia3

95 641 497 698 Lemovicensis
553 649 608 696 et
666 638 987 696 Biterrensis
1045 638 1102 692 in
1144 637 1341 694 Gallia.
1402 639 1655 716 Denique

95 742 461 800 Seminarium
511 739 888 798 dioecesanum
948 738 1301 796 Pultoviense
1355 738 1655 797 fundatum

93 843 166 900 ab
222 842 453 900 Alberto
505 841 890 914 Baranowski,
943 841 1213 919 Episcopo
1262 841 1549 917 plocensi,
1602 854 1658 903 et

90 944 283 1001 datum
308 943 560 1000 Societati
593 943 719 1000 fuit.

253 1045 317 1101 In
348 1045 773 1123 Transsylvania
813 1042 1059 1120 publicae
1100 1043 1178 1100 rei
1219 1043 1566 1120 perturbatio
1596 1046 1655 1103 in

95 1145 408 1222 religionis,
446 1158 500 1203 et
531 1147 890 1223 collegiorum
933 1146 1147 1223 aliquot
1188 1149 1519 1225 perniciem,
1563 1170 1657 1208 re-

95 1247 391 1304 dundavit.
439 1248 832 1325 Sigismundus
874 1249 1136 1326 Princeps
1174 1250 1652 1329 Transsylvaniae,

91 1361 379 1427 resumpto
416 1370 584 1426 quem
621 1369 767 1406 anno
806 1353 1089 1427 superiore
1123 1351 1479 1410 abdicaverat
1509 1355 1658 1430 prin-

92 1453 309 1529 cipatu,
345 1450 639 1527 collegium
682 1451 842 1508 Albae
881 1452 1049 1508 Juliae
1092 1452 1348 1510 Societati
1384 1456 1651 1513 reddidit.

95 1554 218 1610 Mox
276 1563 463 1610 tamen
512 1553 720 1611 fractus
777 1563 987 1610 terrore
1044 1553 1210 1626 belli,
1270 1556 1426 1631 quod
1475 1557 1659 1614 Caesar

92 1655 576 1733 Transsylvaniam
614 1676 682 1712 ex
718 1654 927 1712 foedere
965 1655 1073 1712 sibi
1102 1656 1448 1714 reddendam
1487 1679 1658 1737 repo-

87 1776 250 1830 scens,
305 1756 572 1834 parabat,
640 1756 803 1813 cessit
868 1755 1326 1833 Transsylvania,
1387 1758 1656 1837 illamque

87 1859 326 1918 Andreae
365 1857 621 1916 Bathorio
654 1855 934 1915 Cardinali
970 1857 1208 1933 patrueli
1247 1878 1348 1916 suo
1390 1860 1651 1935 tradidit,

90 1961 186 2038 qui
223 1981 255 2017 a
292 1958 560 2017 Michaele
595 1958 867 2015 Valachiae
904 1959 1155 2036 principe
1196 1960 1405 2034 victus,
1452 1962 1589 2020 dum
1624 1984 1656 2022 e

87 2061 281 2139 praelio
330 2060 504 2138 fugit,
561 2060 951 2119 obtruncatur.
1008 2062 1245 2120 Michael
1289 2063 1503 2122 bellum
1548 2066 1656 2125 hoc

89 2173 442 2241 susceperat,
512 2173 576 2221 ut
630 2164 1036 2241 gratificaretur
1090 2164 1290 2222 Caesari
1349 2166 1451 2244 (sic
1506 2169 1655 2225 enim

89 2265 457 2344 praedicabat)
494 2267 714 2343 ipsique
746 2266 1230 2344 Transsylvaniam
1262 2278 1509 2346 ereptam
1546 2269 1656 2327 An-

90 2368 240 2425 dreae
289 2368 548 2424 Bathorio
596 2369 914 2426 restituerat
950 2391 962 2425 :
1000 2370 1211 2445 reipsa,
1260 2379 1322 2426 ut
1364 2390 1485 2427 eam
1529 2372 1655 2428 reti-

88 2477 245 2526 neret
293 2468 421 2526 sibi.
479 2468 682 2525 Albam
739 2469 947 2525 Juliam
997 2472 1312 2546 ingressus,
1358 2471 1656 2548 prohibere

89 2588 203 2626 non
241 2569 403 2626 valde
447 2570 695 2643 studuit,
737 2580 833 2627 aut
866 2591 1065 2648 parum
1100 2573 1312 2648 potuit,
1351 2594 1420 2630 ne
1454 2575 1656 2634 milites

95 2670 301 2746 partim
351 2670 624 2743 haeretici,
686 2673 886 2748 partim
947 2673 1264 2731 Graecanico
1316 2674 1652 2750 Schismate,

95 2776 254 2849 cujus
282 2774 401 2850 ipse
431 2775 730 2832 acerrimus
767 2773 1026 2831 defensor
1055 2786 1172 2833 erat
1192 2822 1205 2849 ,
1233 2777 1451 2851 infecti,
1487 2779 1656 2856 depo-

91 2872 420 2951 pularentur
468 2876 527 2931 in
576 2895 728 2933 sacra
771 2878 977 2954 pariter
1020 2898 1084 2935 ac
1126 2880 1356 2956 profana
1407 2903 1417 2936 :
1466 2884 1654 2957 itaque

97 2973 393 3049 collegium
423 2974 582 3032 Albae
612 2978 779 3035 Juliae
809 2978 882 3036 ab
913 2980 978 3036 iis
1009 2979 1391 3051 devastatum,
1426 2991 1480 3037 et
1509 2981 1655 3039 foede

98 3076 397 3153 spoliatum
420 3086 537 3134 est:
575 3099 755 3156 neque
784 3081 1134 3159 Claudiopoli
1167 3083 1460 3159 collegium
1485 3083 1658 3142 cladis

97 3178 347 3233 immune
377 3175 500 3233 fuit.

1734 1057 1883 1094 vastata
1938 1053 1980 1095 in

1690 1117 1981 1173 Transylvania
