2147 3489
216 2650 424 2705 Principes

163 2723 317 2770 septem
342 2716 458 2770 regni

163 2783 312 2824 Decani
365 2783 460 2837 bap-

163 2847 354 2890 tizantur.

497 166 622 224 264
1167 191 1408 229 EPITOME

499 291 697 367 Neque
737 300 925 350 tamen
974 302 1093 366 est,
1139 314 1238 352 cur
1287 314 1384 353 vos
1432 295 1642 354 laboris
1681 301 2062 378 temporisque

497 394 786 470 poeniteat.
821 395 999 453 Nemo
1022 407 1325 475 antequam
1348 398 1461 456 huc
1486 400 1750 458 subiretis
1771 446 1786 473 7
1819 403 2068 463 audebat

498 495 783 554 Christum
825 498 1007 556 Deum
1057 501 1210 578 apud
1260 503 1511 580 Mogolos
1558 506 1882 578 nominare,
1930 508 2070 584 quin

499 599 679 676 capite
709 600 921 657 dietum
953 601 1165 675 lueret3
1193 624 1346 661 nunc
1373 605 1432 661 id
1457 608 1759 684 praedicare
1789 609 1979 681 vobis7
2013 618 2069 666 et

495 699 618 758 aliis
646 702 841 759 audire
863 705 1069 780 passim
1100 726 1164 762 ac
1187 715 1309 763 tuto
1334 706 1483 764 licet.
1518 708 1598 765 Ita
1622 728 1680 767 se
1709 729 1826 766 rem
1859 709 2067 767 habere

493 801 558 860 P.
597 804 869 862 Xaverius
903 809 1156 883 agnovit,
1201 818 1257 866 et
1294 829 1522 887 magnas
1568 810 1774 868 idcirco
1825 812 2065 889 principi

492 907 696 982 gratias
727 908 838 984 egit
875 929 887 964 :
928 911 1171 986 perrexit
1202 920 1390 969 tamen
1425 931 1582 970 orare
1603 958 1617 986 7
1653 923 1715 970 ut
1744 915 1911 971 tantis
1935 932 2066 990 erga

493 1008 820 1085 religionem
885 1012 1263 1071 Christianum
1342 1017 1658 1092 promeritis
1730 1016 2022 1073 cumulum
2047 1060 2062 1088 ,

495 1130 665 1186 quem
689 1113 986 1188 petebant,
1013 1114 1268 1188 adderet,
1296 1135 1468 1193 seque
1491 1117 1707 1174 salvum
1731 1118 1851 1194 ipse
1873 1118 2062 1175 vellet.

494 1212 638 1271 Sane
666 1215 910 1274 florebat
937 1219 994 1274 in
1015 1218 1135 1276 dies
1160 1218 1334 1295 magis
1358 1218 1575 1296 religio7
1600 1217 1854 1295 nihilque
1877 1219 2069 1276 deerat

494 1317 567 1375 ad
608 1319 758 1378 illius
802 1321 1192 1398 splendorem,
1243 1322 1350 1379 nisi
1400 1322 1723 1400 exemplum
1767 1323 2060 1399 Principis.

492 1416 772 1479 Natalitiae
820 1423 1026 1483 Christi
1070 1424 1222 1482 feriae
1271 1425 1474 1504 insigni
1517 1445 1724 1504 pompa
1776 1425 2071 1485 celebratae

491 1541 592 1599 per
615 1522 733 1580 dies
765 1525 959 1600 viginti
975 1569 989 1595 ,
1016 1526 1303 1603 proposito
1328 1526 1400 1583 ad
1424 1528 1832 1584 venerationem
1858 1527 2072 1585 infante

491 1623 642 1696 Deo.,³
682 1633 738 1681 et
759 1627 996 1703 praesepi
1030 1627 1392 1684 Bethlemico.
1427 1626 1517 1685 Ad
1547 1628 1654 1685 hoc
1688 1630 2070 1705 spectaculum

490 1734 647 1787 tanta
672 1727 924 1787 omnium
949 1728 1214 1785 ordinum
1236 1739 1582 1808 aetatumque
1605 1731 1920 1810 frequentia
1943 1753 2072 1791 con-

491 1825 694 1899 fluxit,
754 1837 819 1884 ut
869 1828 1019 1887 aedes
1082 1849 1236 1888 sacra
1287 1832 1541 1909 quotidie
1598 1835 1703 1891 tria
1759 1845 2072 1912 quatuorve

492 1925 787 1986 hominum
818 1932 1094 2009 acciperet
1127 1933 1302 1991 millia
1324 1979 1338 2007 7
1371 1934 1764 2014 redderetque.
1796 1936 2075 1995 Adminis-

491 2040 671 2090 tratus
705 2034 870 2091 etiam
909 2035 966 2091 in
1010 2036 1154 2094 urbe
1196 2038 1417 2114 imperii
1452 2038 1715 2114 primaria
1754 2039 2072 2116 baptismus

492 2145 767 2211 apparatu
814 2139 1134 2215 magnifica
1182 2139 1579 2197 processerunt
1624 2161 1726 2217 per
1777 2142 1924 2198 viam
1973 2142 2076 2199 flo-

492 2236 655 2295 ribus
719 2240 1010 2298 instratam
1075 2240 1496 2314 catechumeni,
1561 2241 1809 2319 palmam
1865 2244 2072 2320 singuli

495 2350 774 2417 gestantes
824 2363 1017 2401 manu,
1065 2343 1362 2420 Stipabant
1410 2344 1781 2422 baptizandos
1833 2346 2074 2403 candida

497 2444 828 2520 conspicuos
883 2454 1036 2502 veste
1094 2445 1394 2503 Christiani
1446 2448 1788 2525 antiquiores
1850 2469 1862 2502 z
1915 2447 2073 2504 tubae

494 2553 880 2622 tympanaque
915 2548 1366 2625 perstrepebant.

658 2647 794 2705 Plus
845 2649 1227 2708 admirationis
1271 2651 1472 2708 habuit
1506 2651 1811 2728 gloriaeque
1852 2652 2074 2729 baptis-

496 2766 624 2805 mus
681 2758 893 2825 septem
948 2753 1267 2829 principum
1324 2754 1480 2829 regni
1538 2753 1774 2826 Decani7
1829 2773 2072 2831 quorum

495 2850 771 2908 industria
830 2861 886 2908 et
935 2853 1111 2911 virtus
1156 2855 1526 2929 defendebat,
1581 2866 1770 2913 contra
1818 2858 2074 2915 innume-

494 2954 701 3012 rabiles
755 2952 1001 3012 Akebari
1051 2957 1266 3032 copias,
1322 2976 1504 3014 arcem
1550 2959 1947 3035 permunitam.
1996 2958 2072 3015 Ea

495 3056 723 3114 tandem
765 3055 896 3113 dolo
940 3057 1084 3114 victa
1128 3066 1433 3135 captaque7
1486 3070 1700 3138 septem
1741 3059 1868 3117 illos
1911 3059 2071 3136 prin-

497 3159 679 3236 cipes⁷
741 3159 874 3236 quia
943 3160 1281 3238 pertinacius
1344 3162 1693 3235 restiterant,
1767 3162 2070 3239 imperator
