2147 3489
153 747 203 789 P.
213 745 306 788 Wal
312 746 429 799 polus

129 813 272 854 eodem
283 810 431 865 glorio·

129 890 175 919 so
232 875 430 931 supplicio

130 942 312 987 affectus.

150 2501 171 2524 '⁴‘
182 2513 302 2544 anno
322 2501 446 2546 1595.

465 194 582 254 190
1129 220 1371 260 EPITOME

459 331 617 396 tum,
656 331 712 381 et
745 342 850 401 pro
898 323 1059 383 urbis
1104 324 1281 403 portis
1324 324 1579 383 affixum.
1627 323 1820 386 Annos
1863 329 2044 389 aetatis

459 425 797 483 numerabat
837 436 1082 505 quatuor
1118 437 1175 485 et
1210 427 1472 505 triginta3
1509 428 1799 488 Societatis
1828 439 2045 510 septem

463 545 528 584 ac
558 527 776 587 decem.

631 630 935 710 Aliquanto
1008 632 1301 710 pauciores
1368 632 1428 689 in
1498 653 1563 691 ea
1626 644 2051 713 consumpserat

464 732 528 790 P.
586 734 863 793 Henricus
906 736 1241 814 Walpolus5
1281 746 1442 815 patre
1479 739 1752 798 catholico
1784 749 1840 798 et
1871 740 2051 797 nobili

465 835 710 912 genitus,
744 837 999 915 quinque
1029 837 1265 897 fratrum
1291 839 1570 899 maximus
1593 851 1731 899 natu
1755 887 1769 916 7
1803 861 2050 919 quorum

467 949 580 999 tres
621 949 815 1019 postea
850 941 1107 1000 eamdem
1143 962 1209 1000 ac
1249 942 1345 1001 ille
1381 941 1712 1002 Societatem
1747 944 1885 1002 Jesu
1921 951 2055 1002 sunt

467 1044 721 1121 ingressi.
759 1043 1207 1103 Adolescentiam
1233 1046 1387 1103 sicin
1432 1045 1633 1104 studiis
1663 1047 2053 1119 humanitatis,

467 1155 523 1204 et
551 1144 786 1223 Anglico
808 1149 937 1224 jure
970 1147 1343 1225 perdiscendo
1377 1147 1746 1205 collocaverat
1766 1192 1780 1221 .,
1815 1158 1880 1205 ut
1899 1147 2060 1207 Fidei

469 1249 758 1306 catholicae
802 1250 1020 1327 capita,
1068 1270 1198 1327 quae
1241 1250 1315 1308 ab
1355 1249 1633 1310 haereticis
1676 1260 1949 1310 vocantur
1998 1253 2060 1308 in

470 1355 908 1413 controversiam
926 1400 940 1428 a
968 1355 1295 1433 diligentius
1323 1355 1616 1413 edisceret.
1645 1354 1867 1427 Quibus
1888 1355 2059 1413 armis

471 1456 782 1515 instructus
832 1456 1044 1517 multos
1094 1477 1125 1515 e
1168 1456 1546 1536 popularibus
1593 1457 1709 1516 suis
1746 1457 1821 1514 ab
1860 1457 2061 1516 haeresi

473 1560 785 1632 revocavit,
811 1559 1066 1616 nondum
1090 1568 1281 1616 tamen
1305 1559 1526 1618 Christo
1555 1560 1614 1616 in
1637 1563 1758 1636 ejus
1789 1559 2062 1617 Societate

472 1662 862 1739 mancipatUS,
913 1681 1086 1738 quam
1131 1681 1278 1718 anno
1322 1671 1543 1718 tantum
1593 1680 1904 1720 MDLXXXIV
1938 1660 2063 1716 iniit

474 1764 671 1821 Romae
688 1809 703 1837 7
736 1763 839 1821 ubi
873 1762 1167 1842 theologiae
1191 1762 1367 1820 dabat
1389 1782 1650 1841 operam,
1675 1763 1735 1819 in
1758 1762 2065 1820 Seminario

475 1864 818 1943 Anglicano‚
864 1884 1043 1923 annos
1082 1866 1281 1943 viginti
1319 1865 1574 1943 quinque
1608 1868 1726 1944 jam
1775 1882 2060 1922 emensus.

476 1971 553 2028 Ut
581 1973 641 2028 in
670 1970 945 2029 Societate
973 1989 1183 2028 nomen
1213 1990 1383 2029 suum
1415 1967 1778 2047 profiteretur
1804 1967 2068 2024 incitatus

476 2072 611 2130 olim
654 2073 838 2132 fuerat
879 2082 1111 2152 aspectu
1147 2072 1214 2131 P.
1270 2071 1560 2129 Edmundi
1605 2070 1896 2149 Campiani
1941 2087 2068 2127 mo-

476 2178 700 2251 rientis⁷
762 2181 922 2256 cujus
978 2178 1185 2235 imitari
1228 2175 1618 2234 fortitudinem
1662 2173 1958 2251 cupiebat,
2004 2192 2070 2229 ac

477 2279 729 2339 lauream
782 2281 1040 2360 adipisci.
1098 2281 1320 2339 Primus
1369 2279 1450 2336 illi
1509 2276 1810 2356 Apostolici
1857 2275 2069 2333 laboris

481 2404 717 2462 campus
745 2384 1002 2462 Belgium
1033 2382 1175 2457 fuit,
1210 2384 1269 2440 in
1313 2383 1564 2440 exercitu
1602 2378 1906 2437 Alexandri
1933 2377 2072 2435 Far-

481 2489 651 2561 nesii7
691 2487 864 2545 Ducis
894 2487 1233 2544 Parmensis.
1269 2484 1408 2543 Inde
1439 2485 1498 2541 in
1533 2483 1771 2561 patriam
1806 2478 2072 2537 rediens*

482 2600 539 2649 et
568 2590 643 2647 ab
680 2591 874 2667 ignoto
913 2588 1270 2667 exploratore
1312 2586 1571 2665 proditus
1608 2583 1923 2639 Eboracum
1960 2579 2074 2637 du-

487 2693 665 2764 citur,
701 2693 801 2749 ubi
833 2692 1082 2748 oblatam
1115 2711 1147 2747 a
1188 2688 1474 2748 catholicis
1516 2685 1663 2762 fugae
1706 2703 1771 2739 ac
1798 2681 2075 2739 libertatis

485 2794 811 2853 facultatem
867 2795 1177 2867 recusavit7
1233 2812 1304 2849 ne
1347 2787 1599 2866 martyrii
1643 2785 1889 2864 palmam
1937 2783 2074 2840 mit-

487 2908 659 2971 teret,
714 2917 854 2955 neve
910 2896 1183 2974 proderet
1235 2889 1560 2968 exemplum
1612 2888 1814 2945 ovibus
1867 2884 2074 2943 Christi
2133 2958 2135 2962 .

489 3001 889 3080 perniciosum.
946 3002 1171 3077 Quippe
1219 2994 1575 3072 intelligebat
1624 2992 1756 3049 hinc
1813 2988 2071 3046 additum

491 3104 559 3161 iri
590 3102 850 3162 stimulos
880 3100 1239 3160 vexatoribus
1284 3096 1719 3166 catholicorum3
1755 3090 2070 3169 augendam

495 3227 689 3266 eorum
744 3209 802 3264 in
856 3204 1184 3282 vestigando
1226 3200 1608 3279 diligentiam,
1668 3194 2071 3254 immanitatem
