2147 3489
138 953 357 1008 Naufragio

109 1019 398 1073 quamplurimi

110 1090 299 1138 pereunt.

110 2922 158 2963 Ρ.
187 2921 407 2962 Montanus

108 2985 159 3027 ab
203 2985 408 3027 Haereticis

109 3047 151 3090 in
173 3050 335 3104 Belgio,

445 218 567 279 208
1115 240 1358 278 EPITOME

447 344 725 421 cibusque
763 343 1154 419 contundunt,
1187 353 1242 403 et
1277 344 1536 422 impactis
1572 344 1738 422 capiti
1772 342 2021 405 fustibus

447 446 780 505 seminecem
826 446 986 505 humi
1027 457 1305 506 sternunt.
1350 449 1478 506 Non
1508 449 1609 505 diu
1648 449 1875 507 victoria
1919 469 2021 509 sua

445 546 619 605 laetati
643 558 774 607 sunt
805 571 816 606 :
847 549 990 608 urbe
1010 551 1204 628 paucis
1224 559 1353 627 post
1375 549 1578 608 diebus
1600 550 1774 628 pulsi,
1799 560 1854 609 et
1875 551 2022 610 male

446 649 704 708 mulctati
743 651 1065 710 discessere.
1103 650 1173 710 At
1215 652 1450 730 Hispani
1481 652 1698 710 cladem
1734 662 2020 731 acceptam

448 754 703 813 Gadibus
741 755 933 812 ulcisci
977 764 1031 812 et
1069 755 1270 812 sarcire
1307 755 1446 811 dum
1490 756 1748 830 student7
1787 755 2023 812 militem

446 875 686 933 propere
723 855 1028 933 colligunt⁷
1060 856 1348 914 instruunt
1390 877 1558 915 naves
1595 859 1825 915 exitium
1865 857 2025 915 vicis-

448 958 553 1016 sim
584 957 830 1036 Anglicis
865 957 1147 1036 portubus
1186 957 1458 1018 illaturas.
1493 961 1747 1018 Navibus
1776 959 2025 1037 impositi

448 1081 479 1119 e
521 1062 692 1120 Sociis
737 1061 1097 1139 quindecim7
1144 1064 1234 1119 vix
1277 1084 1308 1120 e
1354 1063 1491 1140 Tagi
1527 1065 1667 1122 ostio
1709 1063 2019 1135 solverant,

447 1186 578 1223 cum
607 1165 834 1222 horrida
874 1173 1177 1241 tempestas
1208 1165 1440 1224 classem
1472 1166 1790 1244 dissipavit,
1824 1165 2020 1242 fregit,

445 1267 691 1345 scopulis
733 1267 909 1324 illisit.
956 1266 998 1322 E
1041 1267 1362 1325 vectoribus
1412 1267 1644 1345 plurimi
1687 1289 1698 1323 ε
1746 1287 1777 1324 e
1819 1267 2024 1324 nostris

443 1389 644 1427 novem
681 1371 990 1448 perierunt.
1034 1368 1099 1426 In
1129 1369 1195 1427 iis
1231 1369 1340 1426 PP.
1376 1370 1703 1428 Franciscus
1735 1367 2024 1427 Ronsillus

444 1479 501 1529 et
535 1469 807 1548 Georgius
845 1470 1132 1529 Blaverius
1175 1472 1301 1528 navi
1343 1473 1606 1549 praetoria
1644 1470 2016 1529 vehebantur.

443 1573 716 1630 Inclinata
745 1592 925 1630 unum
954 1573 1012 1628 in
1042 1572 1190 1631 latus
1230 1573 1415 1630 carina
1434 1618 1448 1646 7
1483 1573 1697 1630 malum
1737 1573 2023 1650 ingentem

442 1676 519 1732 ita
559 1674 886 1747 demiserat7
927 1683 991 1731 ut
1028 1677 1148 1750 ejus
1183 1695 1326 1751 apex
1368 1683 1573 1731 terram
1610 1681 1882 1750 tangeret.
1917 1665 2025 1729 Pei·

443 1776 598 1834 hunc
621 1775 793 1833 veluti
817 1784 1047 1854 pontem
1071 1775 1389 1854 complures
1419 1784 1709 1833 evaserant
1736 1776 1796 1831 in
1825 1775 1984 1833 littus
2003 1819 2019 1849 a

443 1891 500 1939 et
557 1879 904 1938 sacerdotem
959 1887 1269 1956 utrumque
1326 1877 1700 1935 hortabantur
1759 1897 1823 1935 ac
1878 1896 2025 1955 pene

444 1981 751 2060 cogebant7
786 1991 849 2038 ut
877 1981 1225 2038 occasionem
1255 1980 1532 2039 evadendi
1567 1981 1875 2058 arriperent
1907 1999 2023 2036 ma-

443 2093 589 2142 ture.
616 2083 706 2141 Illi
731 2103 863 2141 vero
896 2103 955 2142 se
977 2082 1224 2141 facturos
1253 2084 1454 2140 tandiu
1476 2091 1756 2160 negarunt
1775 2127 1789 2155 a
1816 2102 2023 2159 quam-

445 2185 545 2243 diu
585 2185 673 2243 vel
717 2205 865 2244 unus
905 2195 1139 2243 restaret
1173 2186 1234 2242 in
1271 2186 1429 2259 navi,
1475 2194 1531 2242 et
1568 2184 1755 2241 adhuc
1790 2182 2023 2240 trecenti

446 2299 798 2367 supererant3
825 2307 969 2365 quos
992 2297 1221 2366 peccata
1244 2287 1572 2345 confitentes
1595 2285 1734 2342 dum
1755 2284 2019 2357 audiunt,

446 2392 588 2449 dum
633 2391 705 2449 ad
743 2411 908 2449 omne
945 2390 1265 2469 periculum
1303 2389 1519 2446 fortiter
1561 2387 1857 2445 ferendum
1896 2405 2024 2444 con-

444 2493 704 2566 firmant,
750 2493 1097 2552 decumanus
1139 2502 1370 2571 repente
1410 2492 1622 2550 fluctus
1660 2509 1852 2548 omnes
1889 2509 2020 2546 cum

443 2598 579 2674 ipsis
608 2598 871 2656 Patribus
901 2597 1124 2670 obruit,
1163 2616 1269 2656 XIV
1305 2594 1423 2653 Cal.
1461 2592 1815 2651 Novembris.
1860 2591 2020 2647 Ron-

446 2698 603 2757 sillus
635 2701 695 2755 in
723 2700 1025 2776 Hispania3
1057 2699 1342 2757 Blaverius
1376 2698 1435 2754 in
1464 2695 1652 2772 Belgio
1682 2705 1846 2753 natus
1875 2702 2015 2751 erat.

612 2801 907 2859 Charitatis
930 2821 1159 2878 quoque
1187 2800 1458 2875 religiosae
1486 2807 1656 2874 atque
1684 2796 2020 2853 obedientiae

444 2902 669 2962 laudem
702 2904 809 2961 sibi
841 2904 1037 2960 merito
1067 2903 1314 2959 vindicat
1336 2901 1398 2957 P.
1433 2899 1697 2957 Nicolaus
1718 2899 2019 2956 Montanus
2081 2937 2085 2941 «

445 3006 643 3084 Belga,
707 3007 805 3083 qui
862 3004 1147 3083 profectus
1198 3003 1557 3062 Castelletum
1623 3003 1706 3082 (id
1767 3002 1908 3059 arcis
1958 3001 2019 3057 in

444 3109 635 3187 Belgio
678 3128 883 3166 nomen
921 3117 1034 3181 est7
1077 3116 1211 3165 tunc
1247 3108 1478 3186 Hispani
1508 3106 1676 3185 juris)
1719 3107 1790 3163 ad
1824 3105 2017 3184 praesi-

446 3213 650 3274 diarios
680 3214 1057 3292 Hispanorum
1091 3211 1345 3271 cohortes
1381 3210 1749 3270 Sacramentis
1783 3207 2016 3267 Pascha—
