2147 3489
124 752 369 796 Alsolinduae
381 786 393 807 ‚

123 1155 174 1197 ad
194 1156 372 1211 AEgeum

121 1233 234 1262 mare
244 1252 256 1276 ‚

126 2195 168 2239 in
188 2195 387 2253 Africam3

179 2970 378 3012 Sodalitas

131 3035 396 3088 Neapolitana

132 3098 351 3142 liberandis

133 3164 299 3216 captivis
321 3164 381 3206 in-

135 3226 289 3271 stituta.

469 220 584 279 158
1131 250 1372 290 EPITOME

461 344 534 402 ad
577 344 877 408 catholicos
922 353 1292 426 transierunt3
1339 356 1602 433 permulti
1647 378 1680 415 a
1720 360 2031 421 Ruthenico

460 447 769 509 Schismate
797 452 1061 527 abducti3
1087 459 1355 532 juventus
1386 457 1723 519 Calvinianis
1753 461 2031 541 Magistris

461 563 682 631 erepta,
729 564 784 612 et
824 555 898 612 ad
941 577 1129 614 veram
1181 559 1443 635 pietatem
1486 561 1813 639 litterasque
1852 563 2033 621 infor-

461 665 631 712 mata.
659 656 861 734 Ingens
893 660 1060 716 etiam
1092 679 1275 737 operae
1297 663 1542 738 pretium
1566 665 1773 722 exstitit
1807 666 1864 721 in
1888 666 2034 724 urbe

462 744 791 817 Alsolindua
808 806 822 833 7
850 761 922 816 ad
946 782 1117 838 quam
1139 764 1298 820 acciti
1320 763 1606 824 Societatis
1637 767 1852 845 aliquot
1880 769 2037 827 theo-

459 859 575 937 logi
604 882 786 921 mores
810 863 1236 938 catholicorum,
1262 866 1587 943 quotidiana
1610 888 1737 925 cnm
1763 870 2038 929 haereticis

459 964 864 1024 consuetudine
894 967 1254 1046 depravatos7
1298 970 1691 1028 emendarunt.
1733 971 1863 1049 Pagi
1899 993 2035 1049 qua-

461 1066 717 1145 draginta
747 1068 1003 1128 docendo
1039 1072 1337 1148 peragrati.
1375 1072 1620 1150 Longius
1650 1076 1867 1151 evagati
1898 1085 2031 1133 sunt

458 1167 551 1224 alii
581 1170 638 1225 in
670 1170 826 1247 AEgei
869 1173 1036 1230 maris
1066 1171 1310 1245 insulas,
1351 1171 1445 1228 alii
1473 1174 1532 1228 in
1574 1174 1775 1231 Africae
1820 1176 2027 1234 littora.

458 1274 803 1332 Numeratur
840 1275 1008 1333 Chios
1043 1276 1103 1332 in
1135 1273 1446 1351 majoribus
1492 1273 1650 1350 AEgei
1685 1278 1852 1335 maris
1887 1278 2038 1336 insu-

458 1374 618 1433 sulis.
684 1374 773 1433 Ad
830 1375 977 1433 hanc
1034 1376 1321 1454 profectus
1379 1379 1543 1453 jussu
1600 1387 1656 1434 et
1710 1380 2040 1437 auctoritate

460 1476 680 1535 Summi
722 1478 1010 1536 Pontificis
1046 1478 1113 1535 P.
1161 1479 1488 1537 Vincentius
1531 1478 1860 1538 Castaneola
1896 1480 2040 1538 indi-

459 1578 590 1637 dem
638 1580 943 1651 oriundus,
983 1580 1127 1636 dena
1171 1581 1387 1638 circiter
1422 1580 1825 1639 catholicorum
1861 1583 2039 1640 millia

457 1683 666 1759 reperit
707 1683 764 1738 in
808 1682 1072 1759 primaria
1106 1682 1249 1739 urbe
1283 1683 1436 1739 omni
1470 1682 1585 1740 fere
1619 1683 1825 1740 auxilio
1870 1684 2039 1742 desti-

458 1794 602 1841 tuta.
639 1786 764 1857 Quo
801 1784 1110 1861 impensius
1147 1793 1330 1841 totum
1366 1804 1424 1843 se
1458 1784 1570 1843 illis
1603 1784 1921 1843 excolendis
1945 1785 2040 1843 de-

459 1885 565 1943 dit.
590 1885 747 1944 Nihil
769 1885 976 1944 deinde
998 1887 1270 1945 omissum
1293 1897 1377 1945 est
1399 1908 1430 1944 a
1450 1887 1760 1966 Praeposito
1782 1888 2041 1946 Generali

459 1987 748 2045 Societatis
785 1987 941 2064 quod
984 1988 1057 2045 ad
1100 1989 1421 2048 Missionem
1461 1990 1609 2047 hanc
1650 1990 2039 2049 instruendam

460 2098 517 2147 et
567 2089 879 2146 ornandam
928 2089 1068 2149 utile
1109 2091 1410 2168 judicaret.
1463 2090 1538 2149 At
1593 2092 1702 2148 PP.
1757 2092 2040 2170 Josephus

462 2192 746 2266 Quadrius
776 2202 833 2251 et
859 2192 1059 2252 Petrus
1099 2193 1347 2271 Angelus
1383 2195 1443 2251 in
1471 2193 1715 2252 Africam
1745 2215 1813 2252 ex
1842 2195 2043 2272 Hispa-

461 2296 554 2352 nia
597 2297 933 2373 navigarunt
969 2295 1042 2352 ad
1084 2297 1362 2374 oppidum
1403 2316 1515 2353 orae
1557 2297 1850 2353 maritimae
1883 2298 2041 2374 regni

461 2399 722 2472 Ferzani7
755 2398 1025 2457 Melillam
1060 2399 1230 2478 vulgo
1267 2400 1515 2472 dictum.)
1551 2408 1607 2456 et
1642 2398 1852 2456 Mauris
1886 2419 2041 2476 erep-

461 2512 583 2558 tum
620 2522 650 2558 a
679 2501 1036 2559 Ferdinando
1073 2503 1226 2580 Rege
1263 2501 1572 2560 Catholico.
1613 2501 1955 2559 Confirmata
1982 2502 2041 2558 in

461 2605 569 2662 hoc
619 2605 829 2683 oppido
878 2607 1055 2684 pietas
1105 2605 1587 2676 Christianorum,
1632 2603 1841 2661 revicta
1885 2602 2041 2661 Mau-

463 2725 653 2764 rorum
686 2709 974 2785 impietas7
1014 2717 1070 2765 et
1102 2707 1390 2765 nonnullis
1425 2714 1635 2783 erepta.

628 2807 727 2866 Est
767 2809 1003 2886 Neapoli
1037 2809 1302 2868 sodalitas
1344 2807 1635 2867 Nobilium
1678 2808 1735 2863 in
1763 2805 2043 2866 Professo-

466 2931 590 2969 rum
615 2910 783 2968 domo
807 2913 970 2969 variis
987 2912 1379 2970 misericordiae
1396 2910 1724 2969 Christianae
1746 2909 2037 2987 operibu8‚

467 3023 588 3071 tum
615 3033 746 3071 vero
772 3015 1003 3092 captivis
1025 3014 1416 3072 Mahometana
1440 3014 1705 3072 servitute
1733 3011 2040 3069 liberandis

470 3116 679 3174 dedita.
716 3116 831 3174 Ubi
872 3117 1114 3174 conflata
1151 3126 1235 3176 est
1273 3117 1475 3175 idonea
1503 3118 1757 3196 pecuniae
1786 3135 2034 3189 summa,

472 3228 651 3278 certos
691 3218 935 3297 allegant
970 3220 1029 3278 in
1073 3238 1185 3278 orae
1237 3218 1511 3281 Africanae
1562 3221 1762 3293 urbes⁷
1817 3219 1915 3296 qui
1966 3218 2037 3276 de
