2147 3489
428 170 541 230 128
1091 191 1332 230 EPITOME

421 312 548 351 rum
569 336 585 366 7
618 312 649 350 e
678 292 889 370 quibus
920 292 1205 352 Societatis
1230 315 1412 354 mores
1432 339 1446 368 ‚
1481 296 1788 354 doctrinam
1811 341 1826 370 ,
1849 296 1996 355 fruc-

420 403 544 450 tum
588 406 963 471 cognosceret.
992 396 1131 454 Ecce
1169 407 1355 454 autem
1393 398 1535 457 alius
1566 399 1637 455 ad
1669 420 1788 457 rem
1819 401 1996 478 magis

421 495 820 573 implicandam
847 497 1052 555 nodus.
1081 499 1364 576 Hispaniae
1386 501 1505 558 Rex
1528 501 1822 579 Philippus
1852 501 1902 558 II
1926 500 1998 558 de

423 596 696 656 Societate
731 610 919 658 nostra
967 600 1239 659 sollicitus
1259 647 1273 675 7
1318 624 1488 680 quam
1541 606 1655 663 suis
1704 607 1761 662 in
1813 606 1998 683 regnis

423 701 728 760 domestica
752 701 1095 760 dissensione
1119 702 1377 762 laborare
1398 707 1684 780 cernebat7
1715 708 2000 785 scripsisse

424 805 720 862 dicebatur
761 806 834 861 ad
877 805 1237 880 Pontificem‚
1271 808 1344 864 ab
1387 828 1567 886 eoque
1595 811 1906 887 postulasse
1935 817 2000 865 ut

423 905 722 963 domorum
753 917 1072 964 nostrarum
1105 918 1160 966 et
1200 909 1563 987 collegiorum
1593 913 1854 970 Hectores
1887 930 2002 967 non

423 1028 456 1065 a
503 1008 808 1086 Praeposito
852 1010 1145 1084 Generali‚
1200 1013 1283 1068 uti
1327 1031 1546 1090 semper
1580 1015 1651 1071 ad
1696 1035 1817 1071 eam
1851 1012 2001 1069 diem

422 1109 738 1167 factitatum
769 1121 916 1184 erat,
951 1112 1050 1170 sed
1074 1133 1104 1169 a
1135 1113 1367 1190 singulis
1391 1113 1615 1172 familiis
1636 1159 1650 1187 ,
1681 1116 1739 1171 in
1768 1114 2001 1192 publico

426 1224 598 1286 coetu,
626 1215 776 1291 quod
804 1214 1129 1292 Capitulum
1154 1215 1324 1294 vulgo
1349 1225 1582 1289 vocant,
1617 1216 1954 1292 eligerentur
1984 1235 1996 1271 :

423 1324 489 1371 ut
530 1315 589 1371 in
633 1315 878 1393 capitulo
915 1317 1086 1375 totius
1129 1317 1436 1382 Provinciae
1473 1337 1610 1376 suus
1650 1319 1853 1395 cuique
1883 1336 2003 1394 gra-

423 1417 556 1491 dus7
603 1418 990 1476 Professorum
1031 1431 1129 1476 aut
1172 1420 1578 1498 Coadjutorum
1623 1420 1998 1489 tribueretur3

423 1529 489 1577 ut
519 1530 735 1576 certum
766 1520 1096 1575 definiretur
1125 1531 1351 1597 tempus
1370 1567 1384 1595 7
1418 1543 1531 1600 quo
1564 1523 1771 1600 singuli
1801 1522 2006 1579 alteru-

423 1629 577 1677 trum
639 1641 707 1677 ex
764 1619 851 1677 his
907 1620 1181 1696 gradibus
1242 1634 1525 1701 caperent.
1591 1625 1729 1681 Haec
1784 1624 2007 1698 aliaque

426 1721 754 1799 hujusmodi
783 1733 846 1778 ut
874 1721 1160 1779 Societatis
1191 1720 1559 1779 fundamenta
1584 1723 2000 1796 convellebant,

426 1826 506 1884 sic
554 1825 620 1882 iis
671 1824 870 1881 acriter
918 1823 1137 1881 obstitit
1191 1821 1510 1900 Aquaviva,
1572 1833 1628 1881 et
1679 1823 2004 1882 Cardinales

428 1947 611 1987 causae
654 1928 745 1985 isti
791 1928 1197 2005 cognoscendae
1247 1948 1280 1984 a
1329 1928 1481 1985 Sixto
1522 1930 1883 2007 praepositos,
1942 1948 2008 1985 ac

425 2030 738 2108 praesertim
771 2018 1122 2088 Cardinalem
1157 2029 1412 2088 Carafam
1436 2076 1450 2104 7
1483 2051 1584 2109 per
1614 2051 1780 2108 quem
1814 2029 2007 2088 referri

430 2132 539 2190 sibi
573 2131 811 2189 aliorum
846 2131 1058 2208 judicia
1101 2131 1357 2189 Pontifex
1388 2132 1676 2206 voluerat,
1710 2132 2008 2209 diligenter

430 2235 656 2294 edocuit
707 2255 807 2291 cur
847 2234 903 2291 S.
950 2235 1199 2312 Ignatius
1242 2234 1411 2313 paulo
1447 2235 1724 2293 diversam
1767 2234 1840 2291 ab
1882 2234 2005 2292 aliis

431 2336 744 2395 Ordinibus
779 2336 1048 2413 religiosis
1086 2338 1442 2414 gubernandi
1484 2338 1752 2394 rationem
1784 2337 2011 2413 excogi-

430 2449 631 2512 tasset7
679 2460 778 2496 cur
821 2460 1096 2498 summam
1133 2441 1440 2518 Praeposito
1473 2440 1728 2498 Generali
1765 2440 2011 2496 auctori-

431 2552 635 2615 tatem7
688 2543 747 2599 in
799 2542 1069 2620 eligendis
1115 2543 1498 2616 ‘Recto1·ibus‚
1552 2545 1611 2599 in
1661 2541 2009 2619 assignandis

430 2645 703 2723 gradibus
779 2654 834 2701 et
909 2646 1144 2722 negotiis
1220 2647 1572 2723 gravioribus
1643 2643 2005 2701 conficiendis

431 2746 724 2804 tribuisset
761 2767 772 2802 :
807 2766 906 2802 cur
956 2746 1228 2823 Capitulis
1271 2749 1329 2803 in
1371 2738 1640 2803 Societate
1687 2745 1845 2803 locus
1886 2764 2008 2803 esse

434 2870 551 2908 non
577 2858 786 2928 posset.
822 2850 922 2907 His
947 2850 1308 2907 consideratis
1329 2894 1344 2921 Ἴ
1379 2858 1435 2906 et
1458 2849 1719 2921 Caesaris,
1751 2848 1970 2924 Regum
1988 2889 2003 2919 ‚

434 2955 792 3031 Principum,
834 2973 897 3009 ac
940 2953 1282 3010 Nuntiorum
1321 2952 1604 3029 praecipue
1646 2971 1876 3009 suorum
1921 2950 2008 3005 lit·

435 3057 569 3114 teris
599 3055 892 3133 perlectis.,
926 3053 1185 3112 Pontifex
1209 3054 1430 3130 negavit
1461 3054 1567 3112 sibi
1590 3072 1709 3112 esse
1731 3053 1789 3109 in
1817 3051 2003 3108 animo

436 3158 751 3237 quidquam
799 3160 857 3218 in
905 3159 1192 3218 Societatis
1236 3157 1498 3217 Instituto
1547 3166 1796 3229 mutare,
1848 3151 2005 3229 quod
