2147 3489
180 2211 364 2256 Secunda

127 2278 354 2331 persecutio
385 2278 426 2321 in

131 2344 154 2384 J
158 2344 304 2397 aponia
317 2377 329 2400 ,

126 2522 148 2544 ‘⁵
164 2535 283 2566 anno
303 2524 423 2566 1549.

465 144 586 202 220
1132 163 1372 202 EPITOME

463 266 726 325 cederent
746 266 835 324 alii
861 265 1217 340 Sacerdotes7
1250 287 1282 323 a
1312 266 1522 344 quibus
1543 285 1642 343 per
1664 266 1841 323 otium
1873 265 2033 325 doce-

462 377 677 425 rentur.
725 369 884 427 Unus
918 389 985 426 ex
1027 370 1146 427 istis
1192 369 1464 446 Casiquiis
1509 367 1611 446 (sic
1651 367 1873 445 regulos
1904 387 2033 450 suos

464 469 719 549 vocant),
760 473 858 548 qui
888 470 1063 528 nihilo
1093 470 1409 528 inferiorem
1446 469 1764 546 Tacaragno
1803 489 1860 527 se
1898 469 2035 527 fere-

464 569 596 644 bat,
655 592 821 630 suum
870 574 1075 650 pariter
1130 573 1310 629 filium
1369 574 1570 630 nostris
1624 571 2032 648 baptizandum

464 672 692 730 obtulit.
735 675 1003 732 Nondum
1032 674 1114 730 illi
1150 674 1434 747 abierant7
1475 696 1603 731 cum
1641 674 1732 731 alii
1765 691 2035 750 superve-

461 793 614 831 nere.
664 775 916 831 Primum
958 775 1246 833 ducebant
1286 796 1486 853 agmen
1523 780 1758 853 juvenes
1805 794 1938 831 arcu
1979 782 2036 830 et

461 877 675 952 sagittis
694 877 981 934 instructi:
1010 877 1231 935 feminae
1257 879 1639 955 sequebantur
1662 900 1791 937 cum
1814 876 2031 935 filiolis:

461 976 521 1032 in
572 977 770 1035 ultimo
826 981 1047 1057 agmine
1096 982 1199 1037 viri
1250 980 1548 1039 bellatores
1607 1002 1734 1038 cum
1785 980 2036 1038 hostium

463 1080 684 1158 spoliis,
733 1102 875 1159 quos
917 1084 978 1139 in
1025 1084 1222 1141 itinere
1274 1083 1471 1140 obvios
1515 1083 1808 1140 commissa
1845 1100 2037 1158 pugna

460 1181 745 1240 fuderant.
789 1184 918 1241 Dux
961 1184 1191 1262 reliquis
1235 1184 1547 1257 eminebat⁷
1593 1194 1787 1262 operto
1826 1184 2037 1262 plumis

462 1284 836 1344 discoloribus
860 1287 1039 1365 capite
1055 1332 1069 1360 7
1095 1288 1154 1343 in
1178 1305 1389 1345 morem
1414 1286 1744 1344 diadematis
1775 1308 1786 1342 2
1812 1285 2036 1363 gladius

458 1386 748 1464 pendebat
803 1409 875 1446 ex
926 1389 1208 1461 humeris3
1273 1390 1583 1447 onerabant
1632 1388 1784 1446 labia
1834 1386 2038 1445 virides

460 1488 669 1566 lapilli,
729 1491 1036 1549 nobilitatis
1092 1493 1330 1570 insigne.
1396 1494 1663 1552 Sacerdos
1722 1492 2037 1550 venientem

461 1591 753 1668 amplexus
784 1592 946 1650 duxit
976 1594 1034 1649 in
1067 1593 1343 1651 Sacellum
1366 1640 1379 1669 7
1406 1598 1688 1673 tympanis
1717 1595 2037 1671 fistulisque

462 1693 594 1750 laeto
636 1697 873 1772 strepitu
915 1697 1383 1755 concinentibus:
1430 1718 1561 1754 mox
1603 1697 1675 1754 ad
1712 1697 2039 1754 multitudi—

461 1815 592 1854 nem
622 1796 793 1854 verba
824 1796 954 1855 fecit
973 1842 987 1871 7
1021 1807 1190 1874 atque
1229 1818 1451 1857 sacrum
1487 1799 1770 1876 baptisma
1800 1798 2038 1857 contulit

459 1898 747 1957 nonnullis
776 1900 874 1976 qui
905 1901 1207 1978 paratiores
1237 1901 1598 1960 videbantur.

612 2066 834 2113 Annus
871 2065 1113 2115 Christi
1147 2066 1313 2114 1597
1350 2080 1365 2115 t
1404 2067 1746 2116 societatis
1782 2067 1885 2116 58.

626 2196 853 2258 Annum
913 2201 1066 2259 hunc
1124 2203 1321 2260 merito
1380 2202 1640 2262 ducimus
1699 2223 1731 2260 a
1789 2202 2037 2261 secunda

461 2300 764 2379 Religionis
805 2313 860 2362 et
904 2304 1189 2364 Societatis
1229 2306 1287 2362 in
1330 2304 1569 2382 Japonia
1613 2306 2031 2383 persecutione,

460 2426 589 2484 quae
642 2408 854 2485 primos
895 2427 925 2466 e
966 2407 1236 2465 Societate
1279 2407 1551 2486 Martyres
1609 2407 1667 2462 in
1711 2415 2031 2463 sanctorum

460 2531 760 2568 numerum
784 2511 988 2569 relatos
1011 2511 1249 2589 peperit.
1279 2510 1423 2569 Cum
1446 2511 1503 2566 in
1524 2509 1558 2566 J
1561 2509 1818 2586 aponiam
1843 2506 2036 2564 venit*

460 2611 518 2669 S.
565 2613 891 2672 Franciscus
940 2614 1244 2685 Xaverius,
1289 2631 1479 2669 rerum
1515 2611 1574 2666 in
1610 2630 1673 2667 ea
1714 2608 2037 2685 potiebatur

461 2717 1049 2792 Quonquenindonus.
1119 2715 1286 2772 Hunc
1351 2732 1605 2772 summus
1672 2711 1892 2769 bellicae
1955 2712 2036 2768 rei

459 2817 759 2897 praefectus
806 2818 1108 2874 interemit.
1167 2815 1443 2873 Successit
1495 2811 2033 2890 Quonquenindono

460 2924 580 2999 ejus
638 2919 807 2977 frater
865 2919 1232 2991 CavadonuS,
1294 2937 1464 2994 quem
1521 2917 1877 2993 Nobunanga
1936 2934 2031 2971 rex

462 3023 627 3080 Voari
684 3042 812 3080 cum
871 3040 1041 3098 regno
1092 3022 1365 3092 exuisset,
1420 3020 1721 3098 imperium
1779 3019 2031 3097 Japoniae

465 3126 687 3186 invasit.
735 3126 853 3186 Nec
901 3125 996 3183 diu
1051 3132 1241 3183 tamen
1281 3124 1495 3198 tenuit,
1551 3124 1624 3182 ab
1677 3141 1791 3182 uno
1841 3142 1871 3180 e
1919 3121 2032 3180 suis
