2147 3489
414 218 684 256 msromAE
726 213 1046 252 soc1ETAT1s
1089 215 1240 254 JESU.
1496 195 1612 252 125

53 323 128 382 ad
156 323 299 380 avita
330 341 480 381 sacra
508 320 739 377 rediere.
773 318 951 376 Multa
980 318 1183 376 deinde
1214 320 1280 375 ad
1323 320 1614 377 stabilien-

55 426 186 482 dam
225 426 482 502 pietatem
519 430 771 478 revocata
808 419 897 477 vel
938 421 1269 492 constituta7
1313 429 1463 476 tanta
1506 440 1615 496 po-

55 526 175 604 puli
205 525 512 594 voluntate,
545 521 764 594 laetitia,
799 541 1102 605 consensu,
1137 531 1200 579 ut
1236 542 1293 579 se
1323 523 1427 599 ipsi
1458 525 1619 580 mira-

56 637 249 684 rentur
286 636 340 684 et
381 625 667 702 pristinam
705 624 1005 680 caecitatem
1043 643 1201 681 suam
1239 623 1614 700 deplorarent.

57 729 184 784 Non
213 725 463 784 dissimili
495 724 895 801 gratulatione,
941 724 1212 801 oppidum
1252 723 1616 796 Laufsenum‚

55 829 170 886 sive
231 827 711 902 Laufsenburgum
766 826 1158 904 (Schafhusam
1217 826 1361 882 inter
1417 824 1620 882 Basile-

55 951 260 1008 amque
289 929 481 1008 situm)
512 939 566 986 et
610 928 741 985 olim
776 948 902 984 cum
940 929 1060 1004 ipsa
1098 927 1342 999 Basilea,
1378 930 1536 1003 cujus
1566 926 1623 981 in

55 1031 278 1089 dioecesi
312 1042 588 1103 censetur⁷
621 1030 962 1107 disjunctum
993 1049 1023 1085 a
1061 1029 1298 1085 Romani
1338 1026 1622 1083 Pontificis

58 1134 413 1206 auctoritate7
459 1132 540 1188 illi
580 1132 765 1188 denuo
809 1141 892 1187 est
931 1130 1291 1206 adjunctu1n3
1339 1129 1524 1187 clausa
1565 1130 1625 1186 in

57 1244 394 1312 perpetuum
452 1235 741 1311 Synagoga
794 1232 1130 1290 Lutherana.
1187 1233 1311 1289 Pari
1363 1252 1625 1291 successu

58 1345 211 1412 gesta
235 1335 340 1392 fuit
366 1335 643 1412 expeditio
673 1335 743 1390 ad
768 1335 1012 1392 Mesacos
1035 1335 1093 1390 in
1127 1332 1344 1410 Belgio,
1383 1353 1627 1410 quorum

62 1438 201 1497 urbs
242 1441 300 1495 in
347 1439 666 1497 Leodiensis
717 1439 968 1496 dioecesis
1011 1439 1224 1496 finibus
1265 1439 1337 1495 ad
1379 1438 1625 1510 Mosam,

56 1541 313 1618 Maesyca
345 1541 512 1618 vulgo
544 1541 766 1597 dicitur.
803 1542 930 1597 Non
960 1541 1160 1593 minori
1191 1542 1376 1594 animo
1417 1540 1628 1595 fructu·

61 1663 172 1719 que
200 1653 411 1699 versata
447 1653 530 1700 est
558 1653 874 1700 nostrorum
910 1640 1053 1696 inter
1083 1638 1286 1697 milites
1316 1640 1590 1698 industria
1611 1684 1626 1712 ,

59 1743 293 1798 nuncin
323 1743 591 1817 Verdugi‚
632 1743 704 1796 ad
739 1743 1023 1812 Bonnam„
1057 1761 1208 1796 nunc
1237 1742 1294 1796 in
1324 1740 1626 1798 Alexandri

61 1845 375 1902 Parmensis
411 1844 581 1900 Ducis
611 1842 833 1915 castris,
861 1843 960 1899 ubi
991 1841 1315 1900 Sacerdotes
1344 1842 1625 1900 interdum

43 1948 136 2005 fad
165 1949 358 2025 viginti
381 1956 603 2005 strenue
626 1944 995 2003 desudarunt.

230 2051 338 2108 Sed
379 2048 994 2110 hannem-pistorium
1035 2046 1266 2119 vicisse,
1306 2046 1480 2104 instar
1520 2055 1632 2102 tro-

63 2153 214 2232 phaei
243 2131 684 2229 quanticumque
718 2149 844 2206 fuit.
873 2149 1102 2225 Ingenio
1131 2148 1496 2225 doctrinaque
1516 2166 1632 2204 non

66 2257 283 2334 vulgari
313 2256 561 2333 pollens,
603 2263 657 2311 et
693 2254 836 2309 inter
868 2251 1160 2328 primarios
1195 2249 1424 2306 Lutheri
1460 2249 1632 2307 duces

69 2358 167 2414 diu
197 2366 521 2414 numeratus
541 2401 555 2428 a
592 2355 665 2412 ab
696 2373 760 2411 eo
789 2351 1163 2428 transfugerat
1197 2351 1269 2407 ad
1300 2350 1591 2409 Calvinum
1613 2393 1628 2422 ‚

66 2462 125 2517 in
174 2479 286 2537 quo
329 2459 458 2536 plus
493 2458 677 2515 nescio
720 2455 859 2532 quid
900 2453 1185 2510 modestiae
1228 2473 1292 2509 ac
1329 2451 1631 2510 severitatis

66 2559 566 2618 animadvertebat.
595 2557 749 2616 Nihil
782 2558 840 2612 in
876 2574 940 2612 eo
974 2565 1185 2626 tamen,
1212 2562 1416 2637 praet-er
1448 2571 1632 2610 cerus-

72 2683 186 2721 sam
226 2673 282 2720 et
319 2662 547 2734 fucum,
592 2660 817 2738 reperit.
852 2657 1066 2715 Anxius
1107 2674 1221 2732 quo
1264 2673 1321 2712 se
1361 2662 1628 2726 verteret,

74 2768 291 2844 Spiram
320 2766 493 2837 venit,
525 2763 627 2820 ubi
648 2761 928 2838 frequenti
953 2779 1081 2817 cum
1105 2757 1307 2816 nostris
1336 2775 1466 2828 usu7
1500 2755 1634 2832 dog-

74 2877 222 2924 mata
285 2865 552 2922 catholica
619 2864 941 2940 diligentius
1011 2860 1359 2937 introspexit.
1431 2857 1634 2916 Omnia

74 2966 250 3026 solida
283 2974 336 3023 et
364 2966 508 3023 bene
540 2965 796 3038 fundata,
830 2963 968 3021 nihil
994 2964 1451 3032 calamistratum,
1486 2960 1635 3017 fuca-

77 3079 197 3126 tum
228 3068 365 3124 nihil
407 3067 793 3144 deprehendit.
836 3067 1019 3124 Subiit
1055 3066 1337 3122 hominem
1368 3063 1637 3139 poeniten-

76 3174 182 3243 tia⁷
226 3190 328 3228 nec
370 3168 650 3227 dubitavit
703 3170 964 3246 pristinos
1020 3187 1232 3226 errores
1281 3167 1338 3221 in
1387 3159 1631 3238 Spirensi
