2147 3489
488 216 762 256 msromAE
802 213 1124 253 SOCIETATIS
1165 213 1317 255 JEsu.
1572 196 1682 254 191

121 324 179 378 in
209 319 508 380 saeviendo,
549 318 785 376 Eboraci
822 318 1062 406 perstitit
1095 319 1154 374 in
1188 319 1424 377 vinculis
1470 340 1687 379 menses

119 422 429 480 admodum
467 419 891 498 quatuordecim
914 383 1169 497 >nempe
1204 420 1278 477 ab
1315 422 1542 479 ineunte
1583 424 1688 482 De-

122 523 334 581 cembri
376 522 506 579 anni
545 541 794 594 MDXCIH,
839 540 953 599 quo
997 522 1431 599 comprehensus
1472 522 1682 598 fuerat,

118 645 300 703 usque
348 625 421 682 ad
469 635 764 683 exeuntem
821 624 1189 683 Februarium
1240 625 1371 680 anni
1428 645 1682 699 moxcw,

118 748 232 806 quo
283 729 486 785 ductus
531 727 850 784 Londinum
893 737 1006 801 est,
1060 736 1125 784 ut
1175 727 1229 783 vi
1279 735 1686 785 tormentorum

118 831 523 908 exprimeretur
544 829 759 907 aliquid
784 829 857 886 ab
882 849 946 887 eo
970 830 1041 886 de
1071 828 1356 887 catholicis
1379 829 1689 906 praesertim

118 931 516 990 Sacerdotibus
557 933 616 988 in
664 930 863 1008 Anglia
907 930 1275 1008 degentibus,
1321 940 1442 988 tum
1487 932 1686 1004 etiam⁷

119 1043 182 1091 ut
202 1034 526 1111 jactabant,
560 1034 631 1091 de
662 1034 904 1092 consiliis
941 1034 1318 1111 Hispanorum
1345 1033 1506 1090 'inter
1547 1051 1690 1109 quos

116 1149 367 1195 versatus
391 1137 573 1194 fuerat
601 1137 659 1192 in
682 1136 870 1212 Belgio
887 1180 901 1209 a
934 1145 988 1194 et
1012 1156 1256 1214 quorum
1278 1136 1466 1194 hostes
1495 1135 1691 1213 Belgas

114 1240 415 1298 foederatos
457 1238 622 1315 Angli
670 1237 1019 1315 adjuvandos
1057 1237 1162 1296 sibi
1185 1282 1199 1311 ,
1234 1238 1404 1295 misso
1454 1238 1527 1295 ad
1558 1258 1692 1315 per-

114 1341 393 1398 duellium
418 1339 736 1399 subsidium
759 1340 1028 1413 exercitu,
1054 1349 1409 1417 putaverant.
1436 1341 1544 1412 Qui
1570 1360 1693 1396 cru-

116 1442 382 1500 ciandum
434 1442 497 1499 P.
564 1441 880 1498 Robertum
937 1441 1350 1499 Southwellum
1401 1451 1691 1520 acceperat

115 1542 462 1620 Topcliffus‚
516 1543 700 1600 eidem
749 1541 1056 1620 permissus
1107 1541 1171 1598 P.
1217 1542 1517 1620 Walpolus
1559 1543 1686 1601 fuit.

115 1646 339 1719 Quibus
366 1646 607 1702 maxime
647 1644 831 1702 modis
871 1652 1051 1702 tortus
1089 1663 1120 1700 a
1158 1643 1391 1702 scelesto
1434 1644 1693 1703 carnifice

112 1746 316 1820 fuerit,
374 1745 727 1824 exploratum
778 1765 892 1802 non
941 1754 1025 1803 est
1071 1767 1084 1801 :
1140 1755 1339 1823 quater
1395 1767 1460 1803 ac
1508 1747 1693 1806 decies

113 1850 422 1907 cruciatum
469 1867 528 1907 se
572 1847 744 1906 fuisse
787 1846 973 1925 palam
1023 1847 1144 1924 ipse
1183 1847 1243 1903 in
1276 1846 1491 1924 judicio
1533 1848 1692 1905 affir-

113 1951 309 2007 mavit.
364 1950 656 2023 Ceterum,
712 1970 842 2007 cum
893 1968 951 2006 se
1001 1950 1211 2007 victum
1253 1948 1598 2027 Topclifqu‚
1637 1958 1694 2006 et

111 2053 413 2112 exhaustas
452 2053 665 2130 quibus
699 2052 953 2131 pollebat
986 2053 1271 2110 cruciandi
1314 2062 1461 2112 artes
1489 2051 1690 2110 fatere-

113 2162 235 2228 tur,
289 2154 586 2233 Walpolus
638 2154 954 2212 Eboracum
1012 2155 1228 2213 circiter
1277 2155 1413 2214 Idus
1464 2154 1692 2213 Martias

113 2257 285 2335 hujus
313 2260 445 2315 anni
473 2258 793 2330 reducitur,
830 2257 932 2315 ubi
966 2257 1229 2316 habenda
1262 2266 1421 2316 erant
1454 2257 1692 2313 Provin-

114 2360 214 2417 ciae
257 2361 508 2432 comitia,
556 2370 620 2418 ut
673 2362 867 2438 majori
910 2361 1204 2420 hominum
1248 2361 1591 2439 frequentia7
1635 2367 1692 2416 et

114 2463 308 2539 majori
345 2470 618 2540 apparatu
659 2462 1021 2521 damnaretur
1062 2464 1134 2521 ad
1176 2464 1566 2522 incutiendum
1605 2481 1692 2519 ca·-

115 2563 341 2621 tholicis
394 2573 684 2620 terrorem.
749 2564 909 2621 Brevi
965 2576 1190 2642 peracta
1249 2585 1414 2624 causa
1464 2575 1568 2623 est.
1625 2563 1689 2620 In

114 2674 382 2742 promptu
427 2675 483 2723 et
524 2686 556 2722 a
597 2686 691 2723 reo
744 2665 994 2724 confessa
1037 2668 1304 2741 crimina7
1350 2666 1692 2724 tenebantur

114 2764 339 2823 illorum
370 2766 582 2844 judicio
625 2768 901 2845 capitalia.
938 2769 1103 2840 Quod
1133 2769 1391 2827 Ecclesiae
1422 2769 1690 2825 Romanae

115 2869 384 2929 Sacerdos
406 2914 421 2944 ,
450 2871 605 2948 quod
628 2871 871 2946 Jesuita7
905 2872 1061 2950 quod
1090 2872 1280 2950 legum
1312 2879 1684 2946 contemptor,

116 2992 245 3050 quae
274 2974 544 3050 Reginam
576 2975 896 3054 Anglicanae
940 2986 1109 3054 caput
1149 2974 1407 3032 Ecclesiae
1444 2989 1689 3048 pronun-

115 3075 353 3131 tiabant.
395 3076 486 3133 Ob
524 3076 644 3134 haec
677 3080 930 3155 proditor
959 3078 1379 3157 perduellisque
1398 3075 1687 3153 judicatus

115 3187 172 3235 et
208 3179 518 3255 productus
559 3180 617 3236 in
658 3181 952 3257 publicum
991 3180 1408 3255 decimoquinto
1445 3174 1680 3235 Calend.
