2147 3489
535 192 807 231 msromffi
849 191 1167 230 socm'rA‘ns
1209 194 1360 231 JESU.
1616 170 1731 230 135

173 293 486 372 Principes,
536 292 743 349 Paulus
793 301 1055 369 praeterea
1099 293 1521 369 Scingandonus
1567 295 1734 372 Regis

176 407 474 474 cognatus,
520 394 727 470 aliique
756 393 918 450 multi
962 412 1104 470 quos
1147 395 1263 451 Rex
1295 396 1632 470 terroribus,
1679 406 1736 455 et

173 496 453 554 bonorum
501 496 952 573 dignitatumque
1003 496 1331 573 spoliatione
1379 497 1584 556 frustra
1625 502 1736 557 im-

169 599 377 676 pellere
426 608 654 655 conatus
706 607 789 655 est
826 599 897 654 ad
938 598 1149 656 cultum
1202 598 1354 657 falsis
1407 602 1736 659 numinibus

170 702 580 759 adhibendum.
618 701 731 758 Illis
757 702 873 778 ipse
905 701 1251 759 sacrificabat
1280 701 1560 778 quotidie,
1596 721 1737 758 nova

171 804 447 861 fundabat
479 804 687 882 templa
711 814 764 861 et
795 805 1047 861 coenobia
1078 805 1439 876 Bonziorum7
1473 803 1591 861 dies
1619 804 1768 861 illo-s

171 925 295 961 rum
328 904 497 963 festos
539 925 741 982 magno
786 916 1048 982 sumptu7
1097 908 1216 982 pari
1259 905 1556 983 splendore
1601 905 1737 963 cele-

170 1006 394 1064 brabat.
451 1008 613 1065 Levia
666 1019 851 1064 tamen
890 1007 1010 1064 haec
1058 1016 1212 1064 ratus
1271 1007 1342 1063 ad
1391 1006 1738 1064 abolendum

168 1127 372 1166 nomen
394 1110 797 1182 Christianum,
824 1109 968 1166 illud
999 1110 1267 1186 sanguine
1297 1108 1739 1166 Christianorum

170 1209 476 1267 delendum
529 1212 764 1288 putavit.
828 1212 996 1268 Erant
1049 1214 1107 1268 in
1167 1212 1370 1270 Christi
1428 1211 1740 1269 cultoribus

169 1311 430 1370 Joramus
473 1322 527 1370 et
564 1313 888 1372 Joachimus
938 1316 1221 1391 praecipua
1262 1315 1466 1390 pietate
1495 1312 1735 1371 nobiles.

173 1412 279 1469 Hic
317 1424 541 1491 patrum
582 1416 929 1473 exulantium
972 1419 1028 1473 in
1061 1418 1214 1473 Urbe
1244 1418 1424 1473 Notsu
1453 1418 1599 1474 vices
1629 1435 1741 1492 qua

169 1515 253 1574 fas
301 1528 417 1574 erat
458 1519 796 1596 supplebat7
852 1538 1022 1576 sacrae
1074 1518 1435 1591 supellectilis
1498 1526 1554 1574 et
1603 1516 1741 1574 aedis

168 1630 374 1675 custos,
404 1619 707 1677 Evocatum
738 1622 796 1676 in
826 1619 1040 1697 sylvam
1067 1616 1331 1674 satellites
1361 1638 1392 1673 a
1413 1618 1565 1695 Rege
1587 1620 1741 1678 missi

166 1722 540 1778 trucidarunt.
574 1725 836 1777 Joramus
869 1731 979 1775 tam
1011 1720 1138 1796 pius
1162 1719 1330 1775 modo
1354 1719 1701 1778 Christianus
1721 1765 1738 1795 .,

168 1842 340 1899 quam
371 1820 525 1878 ferox
567 1820 699 1877 olim
734 1829 788 1877 et
824 1819 981 1877 fortis
1018 1819 1176 1877 miles
1199 1865 1212 1892 7
1247 1820 1502 1877 eamdem
1532 1821 1647 1880 fere
1677 1843 1742 1880 ac

169 1923 495 1982 Joachimus
532 1941 759 2000 operam
799 1922 1061 1979 Patribus
1114 1921 1386 1994 navabat,
1433 1924 1742 1998 praesertim

170 2024 523 2102 baptizandis
564 2023 894 2081 infantibus.
937 2024 1063 2080 Non
1095 2032 1227 2080 sunt
1257 2023 1400 2095 ausi,
1439 2024 1538 2100 qui
1559 2025 1743 2081 virum

169 2129 370 2186 fortem
421 2137 476 2185 et
525 2120 738 2183 militiae
775 2128 1018 2204 peritum
1065 2136 1266 2183 norant
1315 2126 1504 2183 Sicarii
1556 2146 1743 2184 coram

171 2230 435 2307 aggredi,
488 2240 659 2286 noctu
723 2229 957 2285 domum
1007 2229 1331 2305 irrumpunt
1382 2248 1585 2305 magno
1638 2228 1738 2287 sed

173 2332 357 2391 silenti
407 2332 645 2407 agmine.
698 2331 982 2387 Procurrit
1042 2330 1136 2387 ille
1200 2330 1424 2387 obviam
1476 2341 1531 2388 et
1591 2332 1746 2389 iner-

175 2436 312 2507 mis⁷
354 2433 558 2491 Christi
608 2432 850 2510 sigillum
902 2453 1030 2489 cum
1082 2433 1290 2490 rosario
1336 2451 1672 2509 suspensum
1713 2451 1745 2489 e

173 2537 386 2595 cervice
427 2543 668 2611 gestans.
724 2534 1010 2590 Steterunt
1051 2533 1294 2610 perculsi
1337 2552 1481 2590 novo
1514 2542 1745 2610 aspectu

178 2638 469 2710 satellites.)
509 2638 607 2714 qui
639 2635 711 2692 ad
743 2635 998 2712 praelium
1046 2636 1347 2712 comparati
1376 2644 1741 2692 accesserant.

178 2741 289 2797 Vos
320 2757 472 2810 vero7
505 2738 711 2814 inquit7
745 2738 954 2814 accipio
985 2736 1180 2810 laetus,
1213 2748 1269 2795 et
1297 2737 1531 2815 gratiam
1562 2735 1744 2793 habeo

179 2840 334 2917 quod
363 2860 453 2897 me
502 2839 754 2896 diuturni
797 2840 944 2911 voti,
990 2849 1045 2896 et
1086 2842 1235 2898 necis
1280 2839 1613 2917 oppetendae
1643 2855 1744 2914 pro

183 2942 432 3014 Christo7
467 2952 778 3020 compotem
823 2942 1053 3000 faciatis.
1110 2943 1423 3018 Statimque
1466 2942 1522 2996 in
1565 2957 1747 3015 genua

182 3044 508 3122 procidens,
546 3045 958 3122 trepidantibus
989 3044 1397 3122 amputandum
1433 3051 1599 3118 caput
1639 3039 1749 3095 ob-

183 3146 333 3203 tulit.
369 3145 618 3203 Cadaver
651 3148 708 3203 in
740 3167 959 3206 crucem
991 3145 1109 3203 tolli
1138 3147 1257 3203 Rex
1277 3145 1440 3220 jussit
1483 3141 1556 3199 ad
1585 3161 1749 3219 spec-
