2147 3489
453 164 578 223 294
1121 185 1364 225 ΕΡῙΤΟΜΕ

456 290 743 349 Societatis
780 289 1152 349 Seminarium
1190 290 1248 347 S.
1287 288 1520 368 Josephi
1557 312 1569 348 ε
1603 291 1676 348 ad
1705 292 2025 353 sodalitium

457 411 589 450 vero
611 392 866 470 Deiparae
895 391 1051 470 quod
1071 391 1355 470 juventuti
1386 391 1705 450 excolendae
1739 394 2026 453 addictum

459 502 578 552 erat
598 538 612 567 a
637 495 865 553 accessit
889 494 1125 552 alterum
1149 539 1163 567 7
1199 494 1504 552 conflatum
1528 517 1559 554 e
1588 497 1805 556 civibus
1828 499 2031 557 virtute

460 596 891 673 praestantibus7
937 616 1180 673 quorum
1211 605 1266 653 et
1296 616 1562 655 numerus
1597 607 1651 655 et
1686 599 1862 676 pietas
1893 619 2034 658 cres-

463 696 626 754 cebat
654 698 712 754 in
741 698 880 755 dies.
915 698 1145 754 Barbari
1178 698 1369 756 vicinis
1399 699 1455 754 in
1486 698 1683 758 insulis
1712 710 1863 757 tanta
1895 700 2035 759 sacri

462 796 815 875 baptismatis
862 798 1168 876 cupiditate
1208 800 1556 877 flagrabant,
1610 803 1782 860 nullae
1828 813 1892 861 ut
1940 823 2034 862 eos

463 901 823 960 difficultates
843 904 1199 961 retardarent
1220 949 1233 976 7
1271 922 1443 980 seque
1477 913 1672 962 mutuo
1702 905 1774 962 ad
1796 905 2037 988 amplec-

461 1006 694 1063 tendam
725 1005 930 1064 Christi
960 1005 1139 1082 legem
1164 1005 1542 1063 hortarentur.
1579 1006 1833 1078 Quatuor
1861 1006 2040 1063 domi-

464 1106 589 1165 cilia
630 1107 915 1166 Societatis
955 1108 1402 1166 numerabantur
1443 1111 1501 1167 in
1538 1111 1772 1168 totidem
1803 1111 2040 1169 Molucis

463 1210 697 1283 insulis7
731 1210 1042 1285 Amboina‚
1080 1211 1285 1268 Tidora
1308 1257 1322 1285 7
1357 1212 1515 1285 Siao7
1555 1222 1611 1271 et
1644 1213 1859 1270 Labua.
1894 1213 2043 1270 Ubi-

464 1333 577 1391 que
613 1312 796 1370 adfuit
840 1334 1043 1393 magna
1079 1323 1134 1371 et
1163 1313 1380 1372 fortiter
1408 1314 1657 1392 patiendi
1686 1314 1953 1386 facultas7
1987 1322 2045 1372 et
2095 1391 2101 1395 p

465 1416 677 1475 utiliter
710 1417 942 1494 agendi,
985 1417 1295 1495 praesertim
1327 1437 1454 1475 cum
1494 1417 1684 1474 Batavi
1720 1416 1960 1473 navibus
1990 1425 2046 1473 et

466 1519 640 1596 copiis
670 1519 1097 1577 Ternatensium
1134 1520 1281 1576 aucti
1303 1563 1317 1590 ‚
1349 1538 1533 1575 arcem
1567 1517 1960 1575 Lusitanorum
1986 1498 2045 1573 in

466 1620 653 1677 insula
686 1621 891 1676 Tidora
929 1620 1223 1677 obsidione
1253 1620 1566 1674 cinxerunt.
1606 1618 1736 1674 Dies
1765 1617 1964 1695 illapso
1987 1618 2047 1674 in

473 1720 775 1799 Apostolos
798 1721 999 1778 Divino
1023 1720 1252 1798 Spiritui
1287 1739 1440 1778 sacer
1471 1720 1683 1797 ingenti
1719 1719 1912 1797 praelio
1937 1740 2050 1778 me-

467 1823 760 1882 morabilis
790 1824 1029 1896 exstitit,
1063 1823 1122 1879 in
1153 1842 1267 1900 quo
1291 1822 1480 1880 Patres
1503 1842 1657 1879 arma
1689 1842 1805 1880 suae
1835 1821 2048 1880 militiae

466 1928 707 2005 impigre
754 1935 1155 1983 tractaverunt.
1206 1926 1395 1984 Hostis
1439 1926 1647 1984 laceras
1690 1946 1857 1985 naves
1902 1946 2050 2004 aegre

469 2027 602 2108 fuga
634 2030 894 2088 servavit.
931 2029 1052 2086 Hoc
1082 2028 1235 2086 bello
1259 2028 1540 2107 perfuncti
1570 2029 1714 2086 Socii
1744 2030 1922 2086 varias
1957 2048 2052 2106 pe-

465 2142 765 2209 ragrarunt
786 2132 1022 2205 insulas7
1052 2152 1292 2209 quarum
1318 2131 1453 2189 alias
1476 2130 1773 2188 reddidere
1797 2131 2043 2203 Christo⁷

468 2233 604 2292 alias
648 2234 938 2293 addidere.
985 2235 1198 2313 Hyems
1240 2233 1522 2291 imbribus
1570 2232 1719 2291 foeda
1773 2233 1895 2310 pios
1925 2232 2044 2288 ani-

468 2355 693 2394 morum
724 2338 1017 2415 praedones
1041 2356 1154 2393 non
1185 2337 1395 2408 tenuit7
1432 2337 1572 2413 quin
1607 2355 1707 2413 per
1741 2354 1936 2412 aspera
1972 2333 2053 2389 ri-

469 2439 616 2518 gidis
679 2439 1057 2517 Aquilonibus
1128 2438 1268 2497 freta
1290 2484 1304 2512 7
1371 2458 1473 2516 per
1541 2446 1761 2494 montes
1824 2434 2051 2492 nivibus

472 2542 686 2600 obsitos
723 2543 973 2620 praedam
1012 2551 1357 2600 sectarentur
1393 2563 1404 2597 :
1440 2540 1562 2597 haec
1605 2538 1757 2596 mille
1801 2537 2049 2613 capitum

473 2635 610 2716 fuit7
676 2665 804 2720 quae
847 2645 1173 2724 baptismus.
1217 2645 1271 2699 in
1324 2642 1696 2701 Christianam
1748 2636 2054 2694 vindicavit

474 2745 816 2804 libertatem.
857 2746 1167 2803 Redierunt
1205 2746 1261 2800 in
1292 2742 1548 2801 Ecclesiae
1574 2742 1758 2798 sinum
1792 2738 2054 2816 complu-

479 2868 598 2922 res,
633 2827 731 2925 qui
761 2868 862 2926 per
897 2849 1249 2924 superiorum
1279 2855 1600 2922 temporum
1639 2841 1964 2918 caliginem,
1999 2850 2055 2898 et

476 2951 959 3030 perturbationem
989 2949 1308 3007 defecerant
1337 2948 1409 3005 ad
1440 2948 1741 3005 Saracenos
1772 2967 1782 3001 z
1817 2965 1886 3002 ex
1916 2945 2051 3021 ipsis

479 3052 766 3111 Saracenis
835 3070 945 3109 non
1010 3052 1174 3129 pauci
1237 3051 1390 3110 bello
1462 3051 1606 3129 capti
1678 3046 2054 3107 Mahometem

481 3158 793 3234 ejurarunt.
1273 3166 1279 3171 '
