2147 3489
99 1617 223 1648 causa
232 1606 403 1648 Romam

100 1677 293 1714 evocatur

159 2826 208 2868 P.
230 2825 408 2866 Joannes

107 2889 321 2931 Cornelius
364 2889 408 2931 in

108 2953 278 3008 Angfia,

447 231 563 292 178
1117 249 1360 288 EPITOME

440 355 731 415 scientiam
775 353 1050 427 mediam,
1088 373 1119 411 a
1161 351 1448 410 Societatis
1479 349 1755 427 theologis
1799 348 2021 408 dudum

440 460 759 533 inventam,
821 458 1055 516 uberius
1100 455 1373 534 explicuit
1417 455 1474 510 in
1518 472 1582 511 eo
1625 452 1808 525 libr0,
1852 471 2025 529 quem

441 578 590 616 anno
626 580 1012 632 MDLxxxvm,
1058 558 1236 617 edidit
1267 557 1618 634 Olisippone,
1654 565 1710 613 et
1744 555 2027 633 inscripsit

449 658 778 718 Concordia
806 661 985 719 libem·
1009 661 1266 718 arbitrii
1291 679 1429 716 cum
1446 662 1666 737 gratiae
1700 658 1871 716 donis
1910 667 2021 717 etc·

443 765 612 822 Hunc
645 764 859 822 librum
891 763 1148 840 quamvis
1179 770 1235 819 et
1269 761 1409 819 sacri
1434 761 1760 838 quaesitores
1784 762 1842 816 in
1870 759 2028 818 Lusi-

442 869 624 940 tania,
671 877 728 925 et
771 865 1215 924 Bartholomaeus
1260 864 1539 936 Ferreira,
1586 864 2023 938 DominicanuS,

442 968 722 1026 librorum
763 968 825 1025 in
869 967 1068 1025 eadem
1109 966 1394 1025 Lusitania
1434 986 1630 1025 censor
1673 967 2023 1040 ordinariUS,

440 1071 882 1150 approbassent,
919 1080 1109 1128 tamen
1138 1069 1481 1147 improbavit
1517 1071 1845 1129 Dominicus
1876 1071 2028 1128 Ban-

439 1180 578 1246 nez,
613 1183 669 1232 et
697 1174 790 1230 alii
812 1173 1045 1251 quidem
1078 1172 1356 1248 theologi,
1396 1172 1608 1249 quibus
1646 1174 1875 1230 scientia
1905 1193 2030 1230 me-
2101 1229 2107 1232 .

438 1277 534 1334 dia
591 1275 950 1355 displicebat.
1017 1275 1224 1333 Divisae
1290 1275 1681 1353 pugnantibus
1742 1276 2030 1335 sententiis

440 1376 648 1436 scholae
670 1422 685 1446 ,
720 1378 1031 1456 praesertim
1065 1376 1332 1454 Hispanae
1354 1422 1369 1450 ,
1407 1378 1467 1434 in
1499 1376 1762 1436 molestas
1800 1378 2030 1436 alterca-

440 1480 620 1538 tiones
661 1479 1060 1557 erumpebant.
1119 1479 1262 1538 Cum
1313 1480 1459 1537 inter
1516 1480 1851 1540 dissidentes
1900 1481 2032 1559 glis-

441 1591 590 1640 ceret
630 1581 941 1654 discordia,
995 1580 1246 1660 perlatus
1288 1583 1526 1639 Romam
1570 1602 1753 1659 usque
1802 1582 2023 1660 fragor,

441 1683 746 1743 Clementis
789 1683 916 1740 VIII
962 1703 1125 1742 aures
1175 1683 1404 1761 impulit
1448 1683 1548 1760 qui
1597 1682 1754 1741 litem
1806 1683 2032 1740 theolo-

439 1787 622 1863 gicam
665 1784 734 1841 de
782 1788 995 1863 qratia
1029 1785 1350 1862 sufficienti
1397 1793 1455 1840 et
1491 1783 1740 1860 efficaci,
1792 1803 1909 1841 non
1959 1785 2032 1843 de

439 1886 589 1944 libro
619 1886 878 1961 Molinae,
909 1895 974 1944 ut
1016 1886 1251 1964 quidam
1303 1887 1676 1964 scripserant,
1722 1885 1796 1943 ad
1838 1888 2033 1946 sedem

440 1987 824 2068 Apostolicam
859 1990 1142 2062 evocavit,
1189 2009 1253 2047 ac
1287 1991 1511 2048 interim
1557 1990 1629 2048 de
1658 1989 1766 2048 hac
1801 1991 2034 2050 materia

441 2092 728 2152 silentium
780 2093 1009 2169 utrique
1067 2093 1213 2170 parti
1278 2092 1739 2150 contendentium
1803 2093 2026 2152 indixit.

439 2195 578 2252 Haec
618 2196 801 2273 prima
834 2194 988 2252 velut
1024 2203 1160 2253 aetas
1191 2204 1248 2253 et
1277 2195 1491 2273 epocha
1520 2205 1605 2254 est
1628 2195 1856 2254 famosae
1878 2196 2033 2255 illius

441 2299 835 2356 controversiae
871 2297 941 2354 de
977 2294 1252 2355 Auxilz'z's
1283 2322 1300 2354 .·
1335 2319 1464 2376 quae
1498 2300 1830 2377 interposito
1860 2319 2033 2358 anno-

441 2421 569 2458 rum
621 2400 738 2459 fere
793 2409 1037 2479 quatuor
1081 2400 1301 2460 silentio
1344 2403 1585 2460 excitata
1634 2420 1863 2459 rursum
1912 2410 2028 2477 est,

444 2512 500 2560 et
527 2504 724 2580 agitari
758 2505 954 2561 Romae
989 2513 1203 2581 coepta,
1238 2524 1386 2562 anno
1416 2523 1662 2562 Mcxmx.

527 2607 680 2663 Dum
745 2606 1034 2664 catholicae
1105 2607 1352 2665 veritatis
1425 2605 1714 2663 clariorem
1786 2604 2031 2680 exquirit

444 2710 623 2766 Roma
665 2710 887 2783 lucem,
933 2730 1056 2767 eam
1101 2711 1420 2787 opprimere
1461 2706 1661 2783 Anglia
1703 2703 2025 2763 laborabat.

444 2812 509 2870 P.
542 2813 709 2869 Joan.
738 2812 1061 2884 CorneliUS,
1096 2810 1313 2888 Anglus
1333 2855 1347 2883 ,
1381 2831 1412 2867 e
1441 2810 1694 2866 Romano
1718 2805 2032 2884 Anglorum

445 2916 753 2975 Seminario
796 2915 856 2971 in
895 2915 1133 2991 patriam
1170 2932 1456 2985 reversus,
1498 2931 1645 2968 anno
1683 2931 2028 2984 Manxxm,

445 3019 689 3097 degebat
710 3027 776 3074 ut
795 3016 1106 3095 plurimum
1130 3025 1185 3072 et
1218 3015 1430 3072 latebat
1465 3015 1522 3071 in
1553 3013 1775 3071 aedibus
1799 3012 2030 3071 Comitis

443 3122 739 3189 Arundelii
758 3167 772 3195 ,
818 3121 972 3178 unde
1001 3121 1058 3176 in
1090 3120 1271 3178 vicina
1302 3119 1423 3176 loca
1453 3137 1791 3196 procurrens
1820 3114 2028 3173 auxilio

441 3226 559 3284 suis
608 3223 983 3304 popularibus
1039 3233 1095 3281 et
1152 3222 1317 3282 saluti
1372 3231 1510 3279 erat.
1570 3220 1912 3279 Versabatur
1968 3218 2028 3275 in
