2147 3489
84 1096 242 1150 Religio
263 1096 368 1140 inter

68 1162 184 1203 Afros
201 1169 240 1203 et
256 1166 368 1205 Ame-

67 1227 226 1270 ricanos

65 1299 231 1348 pagata.

273 1243 368 1283 pro-

403 150 521 211 136
1054 172 1296 212 ΕΡῙΤΟΜΕ

397 277 650 335 taculum
672 284 728 335 et
748 275 1084 336 ludibrium.
1111 277 1220 336 Sed
1242 276 1374 334 inde
1394 277 1614 335 animus
1644 275 1971 336 Christianis

400 380 665 451 accrevit3
701 400 803 438 nec
824 401 1023 458 parum
1056 381 1128 438 ad
1151 400 1245 438 eos
1269 379 1681 437 confirmandos
1702 379 1968 457 ponderis

399 481 603 539 habuit
630 492 848 560 reperta
870 484 928 541 in
957 483 1184 542 diffissae
1214 484 1430 540 arboris
1454 493 1652 540 trunco
1691 503 1826 540 crux
1855 491 1972 538 tam

401 583 616 644 affabre
663 585 842 660 facta,
889 596 954 644 ut
1003 606 1363 664 nequaquam
1407 586 1690 644 elaborata
1750 582 1971 641 mortali

400 707 572 746 manu
608 688 912 746 videretur.
968 689 1153 746 Morbi
1195 692 1315 766 ejus
1358 697 1618 745 contactu
1655 685 1968 765 persanati‚

400 798 457 848 et
485 790 592 847 alia
628 789 896 847 miracula
927 799 1145 867 patrata
1175 790 1426 848 ethnicos
1463 791 1613 868 ipsos
1642 790 1719 845 ita
1755 805 1974 866 permo-

402 900 627 965 verunt,
670 901 734 948 ut
783 892 928 949 intra
973 912 1182 969 paucos
1227 911 1447 950 menses
1490 891 1754 949 undecim
1797 889 1972 946 millia

403 991 642 1059 Arimaez,
679 993 814 1050 alibi
844 995 915 1050 ad
946 1015 1146 1052 novem
1179 994 1354 1052 millia
1377 995 1645 1072 baptizati
1670 992 1900 1050 fuerint.

565 1094 699 1153 Plus
729 1095 1109 1154 admirationis
1140 1096 1312 1152 habet
1341 1096 1518 1172 Congi
1546 1096 1664 1152 Rex
1684 1096 1743 1150 in
1766 1093 1976 1166 Africa,

403 1197 503 1274 qui
531 1197 932 1255 miraculorum
962 1218 1068 1276 ope
1092 1199 1396 1256 destitutus
1427 1207 1483 1255 et
1513 1197 1799 1255 Christum
1825 1195 1980 1252 cole-

403 1300 525 1374 bat,
556 1309 611 1358 et
632 1305 753 1378 ejus
778 1301 992 1359 cultum
1023 1321 1332 1380 propagare
1362 1301 1702 1358 conabatur:
1730 1301 1981 1375 itemque

401 1401 717 1461 Americani
745 1404 1063 1482 complures
1094 1424 1339 1483 quorum
1370 1424 1466 1462 sex
1490 1403 1662 1461 millia
1694 1410 1982 1462 sexcentos

400 1505 460 1562 in
491 1506 840 1563 Tucumania
888 1507 1049 1563 brevi
1087 1517 1340 1585 tempore
1369 1505 1694 1585 Alpbonsus
1738 1507 1984 1563 Barzana

400 1625 504 1685 per
530 1605 801 1682 baptismi
843 1605 1050 1661 ostium
1099 1606 1414 1665 introduxit
1460 1610 1522 1666 in
1556 1607 1702 1666 ovile
1746 1608 1982 1680 Christi,

403 1709 678 1767 ducentos
709 1726 841 1765 vero
883 1727 1054 1785 supra
1095 1709 1398 1784 quinquies
1440 1711 1595 1765 mille
1626 1711 1767 1764 sacri
1797 1709 1986 1764 matri-

403 1811 578 1867 monii
607 1809 866 1883 vinculo7
901 1813 1061 1887 cujus
1101 1808 1259 1866 nulla
1300 1808 1382 1865 ibi
1412 1820 1542 1867 ante
1584 1810 1779 1866 notitia
1799 1854 1813 1883 7
1847 1828 1989 1867 con-

397 1914 586 1993 junxit
617 1935 628 1969 :
663 1912 800 1971 alios
828 1911 1270 1970 innumerabiles
1299 1911 1373 1969 ad
1402 1912 1688 1970 Christum
1717 1922 1772 1970 et
1802 1931 1984 1971 mores

404 2015 606 2092 dignos
648 2014 947 2092 Evangelio
996 2015 1267 2074 traduxit.
1320 2014 1491 2071 Erant
1532 2015 1794 2074 Sulenses
1823 2015 1981 2090 Indi7

406 2119 773 2178 Tucumaniae
820 2118 1075 2191 finitimi,
1127 2138 1263 2195 gens
1307 2117 1520 2176 nullius
1561 2118 1726 2191 fidei‚
1773 2118 1988 2178 nullius

408 2222 812 2295 humanitatis,
857 2241 1000 2298 quos
1043 2220 1232 2294 adire,
1279 2221 1491 2298 quibus
1535 2221 1884 2278 committere
1929 2239 1988 2279 se

408 2344 575 2383 nemo
617 2343 767 2382 unus
811 2323 1078 2382 audebat.
1126 2323 1263 2383 Ausi
1293 2335 1481 2383 tamen
1519 2335 1651 2384 sunt
1681 2325 1857 2400 Socii7
1890 2326 1992 2383 mi-

406 2428 667 2487 rantibus
695 2428 990 2505 Hispanis⁷
1021 2447 1205 2505 neque
1240 2449 1494 2505 unquam
1529 2428 1810 2486 redituros
1840 2428 1989 2484 affir-

408 2531 721 2589 mantibus.
767 2530 1081 2587 Redierunt
1129 2529 1473 2603 incolumes,
1526 2529 1775 2588 lustratis
1832 2528 1988 2586 fonte

411 2652 567 2691 sacro
603 2633 832 2690 duobus
868 2633 1086 2689 circiter
1120 2632 1408 2705 millibus,
1454 2630 1684 2707 reliquis
1725 2629 1798 2686 ad
1839 2629 1991 2707 bap—

409 2735 642 2793 tismum
690 2745 745 2791 et
785 2735 1039 2792 instituta
1087 2734 1399 2792 Christiana
1455 2733 1810 2810 comparatis.
1863 2733 1990 2789 Dia-

411 2837 617 2916 guitae7
665 2835 870 2893 auditis
912 2856 1040 2913 quae
1091 2835 1246 2912 apud
1298 2834 1558 2892 Sulenses
1605 2835 1986 2912 contigerant,

412 2946 633 2997 nostros
704 2937 776 2994 ad
835 2956 955 2995 sese
1009 2937 1336 2994 invitarunt.
1401 2937 1598 3010 varai,
1666 2936 1948 3014 Ciriguani
1970 2980 1984 3008 ‚

415 3041 935 3118 Gorgotoquenses7
968 3048 1023 3096 et
1054 3039 1395 3113 Chanenses,
1421 3049 1707 3118 acceptam
1740 3041 1990 3099 divinam

418 3144 599 3222 legem
630 3143 859 3222 publica
889 3141 1233 3222 professione
1262 3153 1651 3223 susceperunt.
