2147 3489
102 627 122 648 ²*
132 640 252 670 anno
272 628 394 669 1591.

170 1355 402 1398 Turbarum

102 1421 146 1463 in
209 1419 402 1474 Hispania

101 1492 292 1530 auctores
362 1491 402 1528 et

101 1564 246 1595 causae.

432 202 550 260 1244
1093 225 1335 264 EPITOME

429 325 554 398 ille,
593 334 825 404 propter
859 326 1193 386 brevitatem
1228 329 1626 406 Pontificatus,
1659 351 1776 390 non
1804 333 2006 393 habuit

431 428 676 505 spatium
718 428 1033 506 quidquam
1074 434 1386 504 statuendi,
1436 434 1529 492 hic
1582 435 1868 496 Societatis
1911 457 2008 495 no-

430 552 564 591 men
606 543 663 591 et
705 534 1030 592 Institutum
1074 556 1217 593 nova
1260 536 1668 597 Constitutione
1717 540 2009 599 confirma-

431 637 532 693 vit.
559 635 588 662 *
608 636 673 694 P.
710 636 1169 695 Bartholomaeus
1204 636 1455 697 Blondus
1490 641 1615 698 vivo
1639 640 1826 698 adhuc
1854 642 2009 699 Sixto

431 738 702 796 Pontifice
749 759 779 797 e
832 740 1088 797 custodia
1129 741 1387 798 emissus.
1438 740 1591 799 Sixto
1636 754 1861 801 mortuo
1890 742 2011 802 Bel-

431 842 656 899 larmini
705 842 852 899 liber
900 852 1217 920 expunctus
1259 853 1439 900 estex
1485 843 1707 913 Indice;
1756 854 1811 901 et
1848 845 2013 902 Pater

431 944 678 1003 Joannes
728 944 1139 1023 HieronmeS,
1191 946 1250 1002 in
1304 945 1573 1023 Hispania
1624 966 1725 1004 sua
1773 947 2009 1020 mansit,

433 1047 691 1106 nondum
727 1049 877 1105 enim
911 1049 971 1105 in
1000 1050 1148 1106 viam
1184 1068 1242 1107 se
1267 1049 1529 1125 dederat,
1567 1071 1632 1109 ac
1669 1052 1866 1110 sedulo
1900 1072 2018 1110 mo-

435 1150 589 1208 nitus
638 1159 722 1208 est
769 1160 834 1208 ut
882 1171 953 1208 ne
1002 1152 1267 1231 deinceps
1329 1163 1443 1211 tam
1500 1155 1911 1214 inconsiderate
1951 1176 2017 1214 ac

438 1254 749 1332 periculose
782 1254 1132 1332 loqueretur.

604 1355 727 1414 Alia
773 1376 892 1415 sors
941 1357 1050 1414 fuit
1099 1356 1165 1414 P.
1226 1357 1460 1418 Joannis
1509 1360 1773 1439 Baptistae
1828 1359 2020 1419 Carilli

437 1460 498 1516 in
540 1460 736 1517 eadem
779 1460 1070 1538 Hispania.
1121 1461 1232 1533 Qui
1276 1483 1406 1520 cum
1458 1464 1531 1521 ad
1575 1484 1760 1523 sacros
1807 1464 2020 1537 Quaesi-

438 1573 586 1620 tores
630 1573 920 1634 tamquam
956 1583 988 1614 a
1032 1564 1301 1623 Societate
1339 1575 1599 1640 vexatus,
1647 1565 2018 1644 profugisset,

439 1663 514 1720 ab
558 1662 626 1719 iis
674 1661 735 1716 in
775 1659 951 1716 fidem
986 1668 1042 1717 et
1079 1660 1397 1724 clientelam
1440 1669 1599 1746 prius
1635 1679 1720 1728 est
1760 1677 2023 1744 acceptus

438 1787 612 1846 quam
673 1773 1104 1842 cognoscerent,
1158 1763 1300 1841 quid
1358 1763 1603 1824 hominis
1663 1777 1836 1840 esset,
1900 1786 2023 1826 sero

436 1869 672 1929 demum
713 1865 1103 1926 animadversa
1147 1866 1415 1925 levissimi
1457 1868 1869 1946 perturbatoris
1909 1869 2023 1926 im-

436 1972 750 2052 probitate,
794 1970 1174 2049 permiserunt
1215 1973 1337 2047 ejus
1381 1990 1610 2029 causam
1654 1971 1945 2044 Societati,
1989 1990 2023 2028 a

437 2095 551 2153 qua
593 2074 832 2152 pUISUS,
877 2082 934 2131 et
973 2074 1148 2131 instar
1184 2074 1399 2152 putridi
1436 2075 1676 2133 membri
1713 2076 1923 2133 recisus
1963 2074 2025 2130 in

437 2186 779 2257 perpetuum
807 2174 936 2233 fuit.
971 2176 1077 2234 Per
1114 2196 1237 2234 eam
1271 2178 1620 2235 occasionem
1651 2177 2021 2254 investigatae,

440 2301 507 2338 ac
535 2279 905 2357 deprehensae
946 2288 1080 2337 sunt
1109 2298 1292 2337 causae
1330 2279 1634 2336 turbarum
1664 2298 1793 2356 quae
1821 2278 2028 2336 nostris

441 2385 502 2442 in
544 2384 814 2461 Hispania
857 2381 1130 2440 molestiae
1170 2391 1392 2439 tantum
1433 2402 1498 2439 ac
1541 2380 1857 2438 formidinis
1896 2378 2029 2436 affe-

441 2488 665 2547 rebant.
724 2487 1090 2563 Compertum
1149 2484 1292 2558 fuit,
1360 2503 1452 2542 eas
1501 2483 1653 2541 nasci
1714 2498 1906 2538 omnes
1957 2499 2027 2536 ex

442 2609 753 2668 paucorum
789 2589 1131 2661 ambitione,
1178 2607 1246 2645 ex
1292 2585 1640 2664 impatientia
1677 2581 2021 2658 disciplinae,

443 2714 513 2752 ex
532 2693 770 2750 licentiae
795 2690 1339 2766 commodorumque
1369 2686 1633 2764 cupidine
1661 2705 1672 2738 ε
1702 2691 1822 2738 tum
1853 2682 2022 2739 etiam

444 2795 599 2874 quod
623 2792 837 2850 facilior
867 2791 1053 2848 aditus
1085 2791 1152 2847 ad
1187 2810 1372 2867 regem
1399 2797 1454 2845 et
1485 2803 1670 2843 sacros
1694 2784 2023 2861 quaesitores

444 2895 938 2976 perturbatoribus
981 2901 1232 2969 pateret,
1279 2890 1377 2967 qui
1419 2907 1614 2945 eorum
1659 2885 1785 2942 freti
1829 2894 2025 2962 patro-

447 3000 627 3072 cini0,
678 3006 734 3056 et
771 3016 869 3074 spe
908 2994 1257 3072 impunitatis
1299 2991 1501 3064 erecti,
1546 2988 1770 3067 quidvis
1815 2989 2024 3045 audere

449 3124 508 3163 se
558 3123 623 3160 ac
657 3100 840 3158 moliri
889 3117 1053 3176 posse
1097 3094 1480 3154 confidebant.
1535 3092 1636 3150 His
1682 3090 1841 3148 malis
1883 3089 2022 3145 dum

448 3225 698 3285 praesens
748 3202 1062 3262 remedium
1116 3200 1421 3279 quaeritur,
1474 3197 1810 3259 existimavit
1857 3194 2022 3253 Pater
