2147 3489
105 2489 154 2531 In
180 2490 352 2544 Japonia
365 2523 377 2545 ,

79 2556 229 2598 Faxiba
274 2556 380 2599 favet

81 2621 331 2666 Christianis.

441 205 519 265 60
1101 226 1345 266 EP1T0ME

435 346 582 384 anno
610 346 920 387 MDLxxvn.
947 327 1011 386 P.
1033 326 1274 386 Antonio
1298 329 1589 389 Francisco
1618 328 1801 387 natale
1824 329 2005 388 solum

432 427 541 484 fuit
571 428 943 510 Conimbrica.
980 430 1067 487 Illi
1097 430 1438 489 desiderium
1474 431 1698 489 dicandi
1722 450 1779 489 se
1802 432 1919 488 Deo
1947 432 2006 487 in

433 527 705 589 Societate
752 533 1013 608 injecerat
1068 533 1259 589 audita
1317 553 1467 592 mors
1532 555 1803 593 caesorum
1858 552 2004 590 anno

431 652 632 688 MDLXX
682 633 755 690 ab
804 633 1077 691 haereticis
1132 634 1420 692 Sociorum
1464 638 1834 713 quadraginta
1875 656 2003 693 cum

428 734 493 792 P.
542 736 754 812 Ignatio
794 735 1097 793 AzebediO.
1137 737 1497 795 Franciscum
1529 736 1802 796 Araneam
1833 737 2004 794 Brac-

429 856 554 894 cara
585 838 836 895 ediderat
872 839 927 894 in
973 839 1158 896 lucem
1200 859 1346 897 anno
1387 861 1549 897 MDLI.
1591 840 1706 897 Goa
1745 838 2004 897 Societati

425 941 721 998 addiderat
743 961 889 999 anno
917 952 1045 1020 post
1064 943 1353 1019 vigesimo.

593 1045 982 1103 Cohibendam
1018 1047 1278 1104 remediis
1309 1046 1622 1104 acrioribus
1647 1045 2001 1104 ethnicorum

424 1144 685 1204 feraciam
718 1148 925 1205 Prorex
955 1149 1153 1205 merito
1177 1148 1475 1224 judicans7
1517 1168 1712 1205 eorum
1742 1168 1914 1226 pagos
1945 1156 2000 1204 et

424 1267 587 1324 agros
630 1248 776 1306 ferro
813 1250 1157 1327 flammaque
1201 1251 1465 1322 vastavit3
1498 1271 1683 1309 arcem
1727 1251 2000 1309 exstruxit

422 1350 482 1405 in
513 1349 696 1407 media
718 1352 977 1428 regione3
1025 1352 1201 1430 captis
1224 1351 1457 1408 demum
1480 1396 1494 1425 ‚
1527 1352 1615 1409 vel
1645 1352 1850 1409 deditis
1873 1351 2000 1408 bar-

421 1449 578 1507 barae
622 1452 791 1510 caedis
828 1454 1190 1528 auctoribus⁷
1240 1455 1585 1532 quicumque
1627 1455 1869 1532 repereri
1904 1472 2001 1531 po-

422 1563 690 1630 tuerunt7
730 1577 795 1613 ac
831 1556 1109 1634 supplicio
1148 1556 1393 1629 affectis,
1435 1557 1687 1636 sacrilegi
1716 1555 1999 1634 parricidii

423 1657 634 1714 crimen
669 1658 954 1734 expiatum
992 1667 1096 1714 est.
1137 1659 1334 1734 Rigata
1367 1658 1613 1716 felicium
1649 1660 1854 1718 Christi
1890 1660 1999 1716 vic-

420 1759 686 1815 timarum
727 1778 923 1815 cruore
973 1759 1140 1817 tellus
1182 1771 1413 1838 negatos
1453 1772 1615 1819 antea
1646 1763 1863 1820 fructus
1903 1761 1999 1817 lae-

418 1860 632 1918 tissimo
677 1870 956 1938 proventu
1007 1861 1227 1919 extulit.
1275 1862 1353 1919 Ex
1382 1864 1518 1940 ipsis
1567 1863 1995 1940 percussoribus

417 1962 592 2040 aliqui
623 1964 971 2040 baptismum
1010 1984 1340 2042 suscepere„
1380 1975 1436 2022 et
1471 1967 1665 2043 paucis
1703 1966 1994 2024 mensibus

416 2075 660 2142 quatuor
688 2065 804 2123 fere
838 2065 1012 2122 millia
1049 2069 1502 2144 superstitionem
1534 2079 1589 2126 et
1617 2070 1818 2146 impios
1851 2070 1993 2127 ritus

414 2166 742 2244 abjecerunt
778 2190 789 2225 :
839 2169 980 2225 adeo
1020 2178 1084 2224 ut
1127 2190 1398 2228 numerus
1452 2170 1893 2228 Christianorum
1932 2172 1992 2227 in

412 2271 510 2329 illo
562 2282 740 2330 tractu
776 2292 890 2329 non
922 2272 1269 2350 amplissimo
1303 2274 1375 2330 ad
1414 2274 1610 2352 viginti
1663 2275 1765 2330 tria
1816 2273 1993 2330 millia

410 2372 569 2431 brevi
598 2375 920 2432 excreverit.

579 2476 735 2534 Idem
775 2476 978 2535 Christi
1019 2477 1300 2535 cultorum
1334 2499 1605 2537 numerus
1639 2480 1779 2536 mire
1821 2479 1992 2535 crevit

413 2579 472 2635 in
501 2579 535 2635 J
539 2581 737 2655 aponia
758 2624 772 2652 7
801 2601 1044 2657 cumque
1066 2580 1218 2638 bello
1245 2581 1388 2638 civili
1420 2581 1772 2659 profliganda
1797 2580 1988 2655 religio

412 2680 697 2738 videretur
720 2727 733 2754 ἦ
791 2701 855 2738 eo
909 2683 1085 2758 magis
1144 2685 1435 2761 magisque
1491 2693 1574 2741 est
1635 2684 1980 2740 confirmata.

412 2784 476 2841 In
506 2802 619 2859 quo
657 2783 861 2839 divinae
893 2783 1161 2842 bonitatis
1200 2806 1263 2842 ac
1299 2787 1664 2863 providentiae
1704 2787 1985 2863 singulare

408 2887 781 2965 patrocinium
832 2886 962 2944 licet
1019 2907 1336 2964 agnoscere.
1393 2888 1751 2965 Nobunanga
1803 2907 1981 2962 carew,

410 3010 690 3049 summam
732 3000 1062 3067 potestatem
1112 2994 1231 3067 ejus
1279 2990 1395 3046 filio
1440 2989 1721 3063 debitam,
1776 2991 1980 3048 sensim

412 3093 706 3169 occupavit
769 3093 1009 3165 Faxiba7
1079 3093 1367 3170 copiarum
1447 3092 1563 3149 dux
1620 3084 1973 3170 praecipuust,

410 3192 581 3253 homo
604 3204 865 3255 strenuus
887 3204 943 3253 et
968 3195 1205 3274 impiger
1227 3239 1242 3270 ,
1274 3193 1431 3254 fortis
1460 3215 1526 3253 ac
1554 3193 1719 3269 felix,
1747 3194 1977 3252 demum
