2282 3489
509 201 779 240 HlsTomAE
821 201 1139 239 SOCIETATrs
1182 206 1331 244 JESU.
1622 189 1695 245 19

144 308 392 378 toribus,
453 307 656 363 vocatis
721 306 885 361 etiam
948 304 1020 360 ad
1083 325 1235 362 arma
1299 310 1355 364 in
1413 313 1695 368 communi

143 408 387 486 periculo
408 453 422 480 7
455 408 590 467 viris
627 406 894 483 religiosis
914 450 928 478 7
968 405 1314 482 perditorum
1359 421 1587 469 conatus
1616 432 1697 469 re-

143 518 495 585 presserunt,
543 517 597 564 et
629 508 740 563 vim
779 517 1060 563 externam
1103 509 1319 585 egregie
1347 511 1693 586 repulerunt.

306 611 457 680 Quos
497 610 555 664 in
598 608 782 683 Belgio
825 606 1102 664 tumultus
1146 608 1451 665 Calviniani
1494 614 1698 669 excita-

141 718 301 780 runt,
335 709 559 766 eosdem
590 729 688 785 per
718 707 1200 785 Transsylvaniam
1237 710 1458 766 ciebant
1487 711 1694 771 Ariani.

145 808 356 865 Indicta
390 820 545 866 erant
581 810 636 865 in
689 809 960 866 Calendas
998 809 1125 866 Maii
1163 811 1395 868 Comitia
1425 816 1699 890 generalia

142 908 512 987 Claudiopoli.
548 910 812 967 Oblatam
843 910 948 967 sibi
973 921 1237 988 putavere
1260 913 1448 972 Patres
1470 916 1697 995 Collegii

141 1009 609 1088 Claudiopolitani
644 1012 985 1068 occasionem
1017 1011 1336 1089 disputandi
1381 1016 1438 1071 in
1472 1016 1579 1073 hoc
1607 1038 1702 1075 no-

139 1114 410 1172 bilissimo
454 1110 717 1172 consessu
759 1124 947 1170 contra
994 1125 1343 1193 corruptores
1382 1136 1530 1175 sanae
1573 1119 1702 1176 doc-

142 1217 320 1272 trinae.
356 1217 773 1292 Proposuerunt
802 1216 1003 1293 placita
1035 1218 1295 1293 quaedam
1327 1219 1619 1293 catholica,
1646 1229 1701 1277 et

141 1317 484 1374 adversarios
521 1317 591 1373 ad
637 1328 915 1373 certamen
950 1318 1277 1374 invitarunt.
1315 1319 1700 1377 Convenerant

140 1419 411 1477 haereseos
450 1419 684 1475 ministri
718 1416 960 1492 amplius
1006 1420 1431 1496 quinquaginta.
1471 1422 1702 1480 ,Iactatis

138 1520 418 1578 ferocibus
455 1520 617 1576 minis
639 1563 653 1591 ⁷
700 1538 829 1575 cum
863 1519 937 1574 ad
969 1519 1115 1576 diem
1155 1520 1361 1577 dictam
1390 1541 1500 1578 non
1536 1523 1703 1581 ades-

141 1632 264 1680 sent
285 1668 298 1691 .
340 1641 534 1679 eorum
564 1639 800 1698 praeses,
834 1641 1004 1697 quem
1035 1621 1371 1700 Episcopum
1407 1624 1703 1701 Evangeli-

143 1745 271 1781 cum
294 1724 601 1801 appellant„
628 1724 787 1799 quasi
810 1724 1061 1780 omnium
1085 1725 1310 1781 nomine
1331 1745 1701 1802 responsurus

140 1825 472 1882 virulentam
497 1833 738 1901 satyram
763 1825 820 1880 in
840 1824 1059 1896 Patres7
1087 1825 1143 1880 in
1173 1825 1488 1881 Romanum
1519 1825 1703 1882 Ponti-

136 1926 333 1998 ficem,
380 1928 438 1981 in
469 1925 735 1982 catholica
787 1945 940 1983 sacra
970 1926 1139 2000 jecit7
1193 1925 1463 1981 auxilium
1505 1926 1703 2002 implo-

140 2047 268 2085 rans
313 2028 601 2085 Nobilium
634 2027 900 2083 adversus
934 2026 1304 2082 idololatriam
1336 2027 1699 2104 Papisticam‚

141 2139 196 2187 et
219 2129 458 2186 Jesuitas
482 2127 726 2205 publicae
749 2127 952 2204 quietis
974 2127 1412 2204 perturbatores.
1443 2127 1706 2186 Addebat

142 2231 355 2287 animos
396 2229 656 2307 improbo
706 2247 974 2285 numerus
1024 2227 1410 2286 haereticorum
1454 2231 1649 2307 ingens
1687 2254 1699 2288 ε

145 2332 243 2389 sed
304 2331 468 2406 longe
517 2331 868 2387 audaciorem
932 2329 1063 2387 fecit
1112 2331 1497 2408 intempestiva
1554 2354 1704 2393 mors

145 2433 561 2510 Christophori7
586 2433 856 2509 Principis
887 2432 1332 2510 Transsylvaniae
1352 2478 1366 2506 7
1405 2437 1502 2510 qui
1534 2436 1703 2512 paulo

147 2544 274 2613 post
310 2535 561 2607 comitia,
597 2544 748 2591 sexto
786 2533 1057 2593 Calendas
1093 2534 1248 2590 Junii
1278 2536 1532 2592 decessit.
1574 2536 1704 2612 Ejus

144 2639 295 2696 filius
320 2637 742 2715 Sigismundus7
776 2645 831 2693 et
858 2655 1141 2694 successor
1169 2637 1227 2692 in
1249 2636 1502 2694 Comitiis
1527 2637 1706 2694 decla-

146 2749 321 2813 ratus7
348 2749 470 2796 octo
495 2747 714 2795 tantum
741 2757 914 2795 annos
936 2748 1100 2796 uatus
1121 2749 1256 2796 erat.
1283 2737 1446 2796 Pueri
1472 2738 1701 2796 tutelam

147 2860 276 2897 cum
324 2841 608 2898 Societatis
657 2849 712 2896 et
760 2840 1043 2916 religionis
1084 2841 1421 2917 patrocinio7
1462 2839 1705 2915 suscepit

147 2941 459 3018 Stephanus
508 2941 752 2998 Poloniae
795 2943 948 3015 Rex,
994 2951 1049 2999 et
1085 2940 1467 3019 Christophori
1509 2939 1700 3011 frater,

149 3041 413 3118 idemque
438 3044 604 3119 jussit
632 3053 696 3099 ut
719 3044 779 3099 P.
815 3044 1057 3101 Joannes
1092 3043 1335 3102 Lelesius
1363 3040 1705 3118 Sigismundi

151 3164 339 3221 regere
373 3164 553 3202 mores
582 3155 852 3221 pergeret.
888 3144 1137 3204 Nefarios
1177 3145 1503 3202 Arianorum
1535 3143 1706 3219 impe-

1792 613 1966 655 Societas
1990 615 2030 658 in

1739 678 2027 731 Transylvania

1740 749 1904 784 vexatur
1982 744 2032 786 ab

1740 807 1908 849 Arianis.
