2147 3489
439 214 708 254 HISTORIAE
748 209 1067 249 socmTAns
1111 211 1260 248 JESU.
1518 187 1634 245 195

81 324 365 381 Societatis
414 330 700 378 strenuam
759 315 1037 373 dederunt
1094 331 1342 388 operam,
1400 320 1464 366 ut
1517 311 1636 368 Rex

83 427 320 484 vinculis
370 419 768 490 anathematis,
822 415 1033 493 quibus
1085 413 1159 468 ob
1215 411 1467 468 haeresim
1521 420 1639 469 erat

83 528 418 598 obstrictuS,
462 544 494 580 a
543 520 810 578 Pontifice
864 517 1161 574 levaretur.
1209 513 1316 585 Qui
1361 512 1642 588 degebant

85 629 379 706 Lugduni,
432 632 496 682 et‘
536 623 657 679 aliis
700 618 1042 697 quibusdam
1085 617 1143 671 in
1187 613 1502 671 civitatibus
1544 613 1642 670 ob-

86 732 262 788 noxiis
306 726 519 786 senatui
567 723 844 794 Parisino,
891 719 1209 776 discessere.
1259 714 1330 772 At
1371 714 1644 771 Tolosana

91 832 271 902 curia,
325 827 610 903 urbesque
661 823 812 893 aliae,
864 822 922 876 in
979 837 1118 895 quas
1160 816 1379 874 nullum
1415 819 1510 893 jus
1562 824 1646 873 est

87 933 255 990 curiae
291 928 586 998 Parisinae,
633 924 958 981 Societatem
989 921 1368 990 retinuerunt,
1411 936 1648 993 eamque

90 1044 377 1110 tamquam
429 1048 601 1107 regno
652 1024 884 1096 utilem,
938 1020 1220 1099 juventuti
1267 1018 1647 1090 fructuosam,

88 1128 341 1210 religioni
398 1127 790 1189 conservandae
848 1142 1022 1201 prope
1084 1121 1448 1178 necessariam
1515 1120 1653 1196 Regi

93 1235 488 1304 laudaverunt,
521 1231 618 1308 qui
641 1232 760 1305 ejus
790 1244 985 1295 causa,
1011 1226 1243 1299 ejusque
1273 1221 1523 1278 doctrina
1552 1240 1653 1298 per

93 1339 268 1395 otium
322 1334 665 1403 examinata,
714 1328 869 1385 illam
919 1334 1111 1403 postea
1160 1325 1219 1380 in
1275 1323 1443 1380 urbes
1499 1321 1654 1379 unde

93 1438 257 1517 pulsa
286 1436 501 1506 fuerat,
532 1431 809 1491 revocavit
838 1446 982 1483 auno
1011 1445 1217 1481 Mncm.

260 1538 369 1594 Sua
403 1553 629 1612 quoqne
659 1529 919 1588 Patribus
953 1524 1373 1602 Transsylvanis
1408 1522 1514 1579 hoc
1534 1523 1656 1599 ipso
1692 1539 1913 1582 restituitur
1943 1538 1986 1581 in

97 1660 242 1699 anno
269 1640 523 1697 restituta
548 1645 678 1695 sunt
706 1630 1006 1690 domicilia.
1041 1628 1106 1684 P.
1141 1625 1461 1704 Alphonsus
1492 1622 1661 1682 Caril-
1693 1603 1982 1660 Transylvania

98 1743 207 1800 lius
224 1787 238 1814 ,
272 1742 360 1798 cui
383 1759 574 1797 curam
598 1737 828 1794 dederat
855 1729 1109 1788 Pontifex
1130 1728 1355 1784 tuendae
1376 1728 1435 1782 in
1464 1727 1664 1784 Trans-

102 1846 352 1926 sylvania
386 1840 690 1918 religionis,
727 1845 782 1894 et
811 1829 1181 1910 componendi
1217 1829 1490 1886 Caesarem
1521 1827 1667 1884 inter

100 1969 165 2006 ac
199 1945 515 2021 Principem
559 1935 981 2016 Sigismundum
1025 1931 1272 2003 foederis,
1313 1929 1515 1987 Albam
1556 1928 1666 1986 Ju-

101 2053 234 2110 liam
265 2069 393 2107 cum
421 2044 617 2122 legatis
653 2040 915 2100 Caesareis
947 2037 1098 2094 venit
1127 2035 1198 2091 ad
1228 2034 1382 2110 regni
1412 2031 1661 2104 comitia3

101 2156 161 2212 in
206 2153 386 2227 iisque
441 2147 623 2224 primo
681 2137 1128 2200 confirmandum
1184 2135 1403 2207 foedus,
1463 2131 1668 2191 deinde

105 2253 375 2315 catholica
416 2266 568 2307 sacra
607 2245 907 2322 pristinum
960 2242 1019 2297 in
1062 2247 1267 2298 statum
1314 2235 1667 2313 reponenda,

107 2366 391 2436 postremo
460 2349 789 2406 Societatem
855 2340 1291 2411 restituendam,
1362 2336 1673 2414 praesertim

112 2451 500 2531 Claudiopoli,
535 2450 775 2518 curavit,
811 2443 1092 2521 abrogatis
1120 2442 1178 2496 in
1215 2439 1319 2495 hac
1355 2445 1511 2514 parte
1539 2436 1676 2494 actis

117 2558 482 2618 ComitiOrum
517 2547 940 2626 Megesiensium
964 2589 977 2615 ,
1003 2562 1130 2620 quae
1155 2541 1481 2598 Societatem
1511 2535 1675 2594 exilio

119 2662 520 2718 damnaverant
549 2661 763 2729 septem
799 2647 1006 2706 abhinc
1036 2643 1215 2701 annis.
1249 2639 1495 2716 Collegio
1523 2637 1677 2695 Meli-
1764 2654 1942 2710 collegia

116 2762 259 2820 tensi
300 2757 528 2817 accessit
562 2771 761 2810 manus
806 2750 1036 2818 ultima,
1076 2748 1207 2802 item
1250 2740 1678 2799 Santanderensi
1712 2721 1994 2776 condita‚etc.

120 2872 176 2921 et
211 2860 527 2918 Bilbilitano
551 2903 564 2930 ,
602 2857 660 2911 in
690 2852 984 2930 Hispania,
1031 2848 1133 2906 ubi
1168 2847 1330 2904 etiam
1363 2847 1508 2921 jacta
1549 2851 1682 2900 sunt

121 2962 485 3020 fundamenta
520 2957 823 3015 Valentinae
858 2951 1240 3010 Professorum
1276 2946 1479 3002 domus
1524 2965 1535 2998 :
1583 2943 1683 2998 iis-

124 3065 254 3121 den]
289 3060 556 3117 Professis
600 3059 727 3115 data
779 3057 982 3112 domus
1025 3052 1266 3117 Genuae3
1315 3045 1515 3100 domus
1554 3059 1684 3098 vero

125 3163 476 3222 Probationis
505 3148 879 3218 commodiore
897 3156 1020 3211 loeo
1052 3152 1248 3228 posita.
1279 3146 1348 3204 At
1367 3145 1559 3200 Romae
1579 3186 1594 3215 ,
1626 3142 1683 3197 in
