2147 3489
201 327 377 369 Conatus
399 326 439 368 in

151 390 316 446 Scotia,

474 203 597 263 260
1135 225 1376 264 EP1T0ME

639 328 766 386 Non
808 337 926 387 erat
971 329 1219 388 Jacobus
1263 329 1460 386 Scotiae
1510 349 1637 404 rex,
1691 331 1748 387 in
1802 334 2048 410 compri-

475 429 681 489 menda
731 430 1120 489 haereticorum
1162 432 1395 489 audacia
1443 430 1657 489 fortior.
1711 433 2043 492 Pellendum

476 554 507 591 e
548 532 728 591 Scotia
782 543 1110 591 curaverant
1146 534 1211 589 P.
1257 533 1535 590 Jacobum
1577 535 1938 610 Gordonum,
1983 558 2047 595 ac

474 637 636 695 illum
685 656 839 694 more
891 655 991 694 suo
1038 640 1412 712 jactaverant,
1451 634 1843 713 disputationis
1893 649 2048 695 metu

472 740 818 819 profugisse,
865 747 919 795 et
955 738 1228 814 Principis
1265 758 1329 793 ac
1375 737 1610 795 Senatus
1656 739 1849 797 oculos
1888 740 2048 816 judi-

474 843 738 918 ciumque
781 839 1081 897 declinare.
1137 839 1565 915 Indignissimus
1609 860 1801 897 rumor
1849 850 1903 898 et
1939 840 2049 897 fal-

474 944 726 1002 sissimus
770 951 1062 1000 strenuum
1106 942 1352 1000 veritatis
1395 941 1745 999 defensorem
1791 943 2046 1021 impulit,

472 1054 537 1102 ut
593 1045 918 1122 remigraret
973 1044 1032 1099 in
1089 1043 1361 1115 Scotiam,
1423 1063 1487 1099 ac
1545 1043 1726 1101 modis
1784 1045 2049 1103 omnibus

471 1146 848 1218 adversarios,
903 1145 973 1202 ad
1020 1153 1301 1202 certamen
1337 1144 1491 1222 quod
1535 1144 1645 1202 illis
1684 1166 1831 1223 saepe
1875 1147 2051 1205 obtu-

469 1247 639 1320 lerat,
673 1247 916 1305 eliceret.
958 1247 1077 1304 Rex
1107 1247 1315 1304 vocatis
1354 1247 1716 1323 proceribUS,
1760 1250 2047 1325 quaesivit,

470 1349 612 1428 quid
684 1350 755 1407 de
815 1349 1080 1406 Gordono
1138 1348 1445 1407 sentirent?
1510 1350 1581 1406 Hi
1635 1349 1800 1427 culpa
1857 1371 2052 1409 vacare

472 1461 844 1525 censuerunt,
872 1453 1004 1529 quia
1036 1450 1108 1508 de
1139 1471 1251 1507 una
1275 1451 1504 1508 veritate
1533 1451 1917 1528 investiganda
1948 1452 2054 1510 sol-

469 1553 680 1626 licituS,
713 1554 924 1630 Regem
957 1553 1275 1611 certaminis
1304 1553 1589 1629 praepositi
1621 1563 1818 1610 testem
1850 1554 2052 1633 appel-

468 1654 630 1712 laret.
686 1655 909 1711 Invitati
955 1655 1027 1712 ad
1071 1675 1322 1733 pugnam
1367 1655 1598 1732 publice
1651 1657 2053 1715 conserendam

464 1757 728 1817 ‘doctores
772 1758 1118 1831 Calviniani,
1156 1779 1220 1816 ac
1254 1758 1354 1816 diu
1399 1759 1775 1835 tergiversati,
1824 1760 2052 1820 tandem

468 1860 885 1939 responderunt
928 1861 1259 1919 Gordonum
1303 1862 1469 1920 nimis
1513 1863 1854 1940 pertinacem
1898 1883 2049 1938 esse,

468 1982 655 2040 neque
678 1962 751 2021 ad
780 1962 1229 2041 amplectendam
1252 1966 1541 2024 veritatem
1565 1966 1771 2024 adduci
1798 1987 2052 2045 unquam

467 2086 655 2146 posse.
717 2067 990 2127 Nonnulli
1055 2077 1245 2125 tamen
1301 2087 1360 2126 se
1418 2087 1812 2147 congressuros
1877 2069 2052 2147 polli-

471 2169 596 2242 citi,
649 2170 802 2247 Rege
841 2178 1158 2242 annuente,
1199 2169 1336 2227 hora
1388 2171 1719 2243 constituta,
1776 2170 2052 2246 collectis,

471 2282 528 2332 et
572 2272 904 2331 sedentibus
946 2272 1199 2330 omnium
1237 2271 1498 2329 ordinum
1539 2271 1925 2345 auditoribus,
1966 2293 2057 2330 ex-

469 2375 677 2453 pectati
712 2374 945 2453 perdiu,
985 2394 1266 2452 nusquam
1305 2384 1708 2452 apparuerunt.
1752 2375 2052 2435 Gordonus

470 2477 733 2554 privatim
787 2476 1089 2535 catholicos
1148 2477 1219 2533 ad
1271 2478 1635 2535 constantiam
1683 2476 2050 2551 adhortatuS,

473 2579 687 2636 oblata
711 2580 903 2638 multis
933 2579 1252 2637 errantibus
1282 2579 1407 2636 luce
1435 2579 1597 2651 fidei,
1642 2587 1768 2655 post
1797 2578 2053 2655 quinque

471 2700 692 2738 menses
742 2681 802 2736 in
851 2682 1033 2738 Scotia
1079 2691 1476 2759 consumptOS,
1522 2682 1580 2736 in
1631 2681 1901 2754 Daniam,
1950 2681 2054 2739 ubi
2124 2729 2128 2731 .

466 2786 585 2861 jam
639 2782 855 2840 fructus
896 2783 1157 2860 colligere
1206 2803 1318 2840 non
1367 2782 1719 2860 poenitendos
1772 2794 2046 2862 coeperat,

476 2904 535 2944 se
578 2884 791 2942 retulit.
832 2884 1183 2943 Catholicum
1220 2885 1441 2941 interim
1478 2904 1702 2962 gregem
1746 2885 2053 2944 tuebantur

475 3010 507 3048 e
547 2989 779 3048 latebris
822 2989 994 3046 iidem
1044 2987 1330 3044 Societatis
1372 2986 1695 3045 Sacerdotes
1736 2997 1846 3045 tres
1883 3009 1894 3043 ε
1941 2988 2050 3044 Ro-

474 3091 671 3151 bertus
715 3089 1173 3162 Abircrombius,
1207 3088 1541 3149 Guillelmus
1582 3088 1957 3162 Murdochus,
1992 3097 2048 3146 et

475 3192 790 3253 Alexander
819 3193 1181 3251 Macurraeus.
