2147 3489
95 375 143 418 P.
161 377 220 418 De
239 376 367 431 Tapia

66 440 298 483 intermitur
341 456 365 486 a

65 505 246 549 barbaris
263 521 365 562 quos

65 571 281 615 erudierat.

406 248 525 310 182
1074 284 1316 324 ΕΡῙΤΟΜΕ

565 376 825 439 Barbaris
855 380 1072 445 facilius
1092 387 1433 464 ignoscimus
1457 411 1587 450 cum
1611 393 1669 450 in
1692 413 1978 471 praecones

403 475 684 557 Evangelii
721 486 988 560 saeviunt,
1036 510 1207 567 quam
1246 491 1553 569 haereticis,
1594 497 1693 574 qui
1725 497 1980 578 Evange-

401 582 542 642 lium
572 589 808 665 ejusque
837 589 1148 651 doctrinam
1180 595 1536 672 profitentur.
1575 599 1640 657 P.
1678 600 1982 661 Gondisal-

401 706 507 745 vus
550 688 623 747 de
673 691 881 770 Tapia‚
935 696 1253 773 HispanUS‚
1307 699 1662 762 Cinaloenses
1711 703 1981 782 (quorum

399 791 553 867 regio
582 802 844 852 extremae
875 796 1190 856 Californiae
1211 804 1466 880 opposita
1489 850 1503 879 .,
1528 807 1802 864 Mexicani
1826 784 1982 885 regni

399 913 530 971 pars
573 896 680 975 est)
725 898 1052 960 Christianis
1095 907 1391 984 praeceptis
1426 917 1482 965 et
1521 909 1778 969 moribus
1808 910 1980 967 infor-

401 995 616 1055 mabat.
654 1000 764 1059 Sed
795 1011 859 1060 ut
889 1004 943 1061 in
974 1006 1120 1083 agris
1157 1008 1242 1066 vel
1281 1012 1492 1088 optime
1527 1013 1692 1074 cultis
1728 1035 1980 1074 succres-

403 1109 541 1156 cunt
606 1103 844 1178 zizania;
926 1108 1005 1165 sic
1070 1112 1214 1168 inter
1276 1116 1591 1196 neophytos
1663 1119 1982 1197 complures

401 1205 623 1283 egregie
681 1207 963 1266 institutos
985 1255 999 1283 ‚
1065 1213 1364 1273 Nacabeva
1416 1219 1650 1296 quidam
1707 1219 1985 1278 barbaros

399 1325 586 1366 mores
637 1319 693 1367 et
733 1310 946 1388 flagitia
987 1315 1220 1391 pristina
1269 1321 1553 1396 retinens,
1606 1321 1984 1400 popularibus

401 1410 519 1467 suis
559 1413 801 1491 exempli
840 1417 1143 1493 pravitate,
1177 1420 1482 1500 impiisque
1511 1423 1868 1483 sermonibus
1897 1444 1989 1482 ve-

399 1510 695 1572 hementer
736 1517 998 1575 nocebat.
1046 1519 1380 1598 Improbum
1426 1544 1616 1583 senem
1652 1524 1988 1585 verberibus

400 1616 550 1674 affici
599 1618 831 1696 publice
878 1621 1092 1679 Praetor
1133 1624 1418 1703 Hispanus
1461 1627 1652 1703 jussit.
1710 1626 1811 1685 Ille
1854 1646 1987 1685 vero

402 1719 600 1779 dolore
641 1742 706 1779 ac
746 1723 965 1800 pudore
1005 1725 1304 1801 incensus,
1341 1728 1539 1787 affines
1572 1739 1627 1787 et
1662 1730 1870 1788 amicos
1911 1730 1986 1787 ad

402 1822 736 1882 seditionem
788 1827 1063 1902 concitat,
1115 1837 1172 1886 et
1214 1829 1272 1885 in
1315 1829 1549 1887 exitium
1602 1829 1987 1909 Hispanorum

402 1931 680 2006 conjurat.
716 1927 862 1988 Ante
895 1931 1084 1989 omnia
1117 1931 1346 1990 illorum
1370 1931 1698 1992 Sacerdotes
1729 1943 1986 1991 mactan-

403 2029 507 2089 dos
535 2041 691 2090 ratus
712 2078 726 2106 ,
753 2053 998 2111 quorum
1028 2033 1273 2092 consiliis
1301 2043 1358 2092 et
1378 2035 1586 2112 pietate
1614 2035 1984 2112 regebantur,

401 2133 667 2212 irrumpit
707 2136 765 2192 in
809 2136 874 2194 P.
929 2136 1257 2194 Gondisalvi
1297 2137 1627 2214 tugurium,
1671 2147 1728 2194 et
1773 2137 1989 2195 clavam

402 2234 649 2312 ligneam
673 2240 794 2315 ejus
824 2239 992 2316 capiti
1014 2247 1128 2295 tam
1152 2239 1392 2315 graviter
1414 2239 1679 2312 incussit,
1705 2248 1771 2297 ut
1794 2239 1990 2297 semia-

401 2339 614 2397 nimem
644 2339 803 2398 humi
835 2341 1120 2420 dejecerit.
1155 2342 1342 2399 Erexit
1372 2361 1431 2400 se
1453 2351 1642 2399 tamen
1662 2386 1677 2415 7
1709 2350 1765 2398 et
1789 2342 1988 2400 Jesum

403 2440 715 2502 inclamans
755 2444 828 2501 ad
869 2446 1191 2522 proximum
1224 2444 1494 2503 sacellum
1529 2444 1810 2503 titubante
1851 2463 1989 2522 pro-

402 2545 578 2621 repsit
628 2546 846 2624 gradU‚
906 2546 1104 2624 ibique
1154 2547 1227 2604 ab
1285 2547 1406 2606 aliis
1455 2547 1827 2605 obtruncatus
1876 2555 1982 2604 est.

404 2647 671 2723 Hispani,
704 2669 835 2726 pars
865 2650 1101 2708 cadaver
1131 2659 1490 2728 asportarunt
1519 2650 1574 2706 in
1607 2647 1882 2725 oppidum
1911 2648 1989 2704 vi-

407 2750 597 2809 cinum
642 2761 697 2808 et
737 2753 793 2808 in
833 2753 1042 2830 templo
1089 2753 1376 2810 Societatis
1424 2750 1801 2829 sepelierunt,
1856 2769 1987 2827 pars

405 2851 626 2931 elapsos
672 2852 804 2931 fuga
853 2856 1076 2913 sicarios
1125 2853 1364 2913 assecuti
1406 2851 1683 2929 supplicio
1727 2851 1983 2909 affecere.

408 2956 621 3034 Captus
651 2956 970 3029 Nacabeva‚
1004 2958 1337 3035 priusquam
1369 2955 1547 3014 securi
1569 2963 1982 3033 percuteretur,

407 3078 524 3116 non
544 3058 687 3116 levia
722 3057 1051 3118 Christianae
1073 3058 1416 3137 poenitentiae
1440 3057 1597 3134 signa
1621 3057 1798 3115 dedit.
1836 3055 1990 3113 The-

408 3161 558 3233 veci7
598 3161 774 3218 vicina
810 3180 946 3238 gens
981 3162 1176 3219 ceteris
1211 3159 1477 3233 ferocior7
1515 3169 1686 3237 atque
1729 3179 1761 3215 a
1796 3158 1986 3215 divina

411 3260 534 3338 lege
582 3259 712 3321 ante
759 3263 939 3323 Patris
981 3264 1204 3323 obitum
1255 3264 1482 3343 penitus
1532 3262 1876 3334 abhorrens,
1921 3278 1987 3317 eo
