2147 3489
453 246 724 284 H1sT0R1AE
766 246 1083 284 somETATls
1126 248 1276 285 JESU.
1526 227 1647 286 209

95 348 247 407 libus
276 348 640 425 adjuvandas,
674 348 746 405 ab
776 347 1035 405 haeretico
1065 347 1266 420 milite,
1298 347 1651 406 Sacerdotem
1688 368 1727 402 et
1767 364 1813 404 Ρ.
1858 367 1984 419 Lopes

96 460 152 508 et
186 450 454 507 Jesuitam
495 458 855 525 agnoscente,
900 448 1210 506 trucidatus
1251 458 1361 515 est,
1407 450 1654 526 itemque
1690 428 1952 534 gesy-baris,

95 550 161 606 P.
196 549 469 607 Antonius
500 550 712 627 Lopes,
757 570 926 626 quem
966 550 1228 622 barbari,
1274 550 1584 628 profectum
1625 571 1656 608 e

100 651 331 729 collegio
362 651 589 707 Limano
631 652 702 708 ad
733 653 882 728 ipsos
920 650 1290 724 erudiendos,
1338 671 1549 708 veneno
1578 653 1657 707 in-

101 761 460 809 teremerunt.
507 753 622 809 Nec
668 773 766 810 sua
811 773 994 810 carere
1044 752 1211 809 laude
1262 752 1473 809 debent
1519 753 1660 809 Socii
1738 772 1852 811 Peste
1874 773 1965 813 tacti

102 853 432 926 octodecim,
459 855 556 930 qui
588 854 659 910 ad
681 874 842 931 opem
870 854 1155 911 ferendam
1185 863 1339 931 peste
1371 855 1659 927 contactiS,
1700 835 1956 889 adjuvantur.

103 957 250 1014 ultro
283 976 340 1014 se
370 956 534 1011 morti
566 954 909 1012 devoverunt
938 954 1407 1031 Andomaropoli,
1442 965 1539 1011 aut
1567 955 1665 1031 qui

101 1058 222 1116 aliis
266 1059 472 1135 passim
513 1059 572 1113 in
619 1056 857 1114 urbibus
915 1055 1054 1128 hoc,
1109 1065 1163 1112 et
1220 1056 1451 1133 singulis
1492 1075 1669 1134 prope

106 1161 288 1231 annis,
314 1160 372 1215 in
401 1158 654 1216 eamdem
680 1158 958 1215 charitatis
987 1177 1211 1214 arenam
1235 1157 1663 1216 descenderunt.

108 1263 181 1320 Iis
237 1261 589 1319 recensendis
634 1259 888 1317 consulto
930 1259 1306 1331 abstinemus,
1353 1258 1507 1336 quod
1546 1277 1671 1336 pro·
1707 1268 1943 1311 '‘Victimoe

1710 1336 1966 1376 charitatis:

1711 1405 1823 1441 auct.
1840 1400 1897 1440 P.
1915 1398 2011 1440 Ale-

278 1466 384 1522 Tot
413 1464 698 1520 Sociorum
722 1466 1032 1538 jacturam,
1065 1471 1374 1537 pensarunt
1396 1480 1539 1517 nova
1568 1459 1676 1516 do·
1711 1465 1886 1519 qambe,
1909 1463 1951 1504 S·
1965 1464 2007 1504 J·

108 1366 264 1443 prius
295 1364 365 1420 de
394 1363 504 1420 illis
534 1360 1005 1419 commentarius*
1036 1360 1296 1436 vulgatus
1326 1360 1415 1417 sit.

114 1569 337 1626 micilia.
381 1568 593 1623 Domus
630 1564 976 1641 probationis
1016 1583 1162 1619 anno
1195 1581 1439 1620 MDLXXV
1469 1561 1678 1619 exstrui

101 1655 295 1746 *coepta
335 1668 697 1738 Tarraconae,
731 1686 882 1722 nunc
912 1665 1140 1721 demum
1173 1666 1308 1720 inita
1338 1674 1392 1721 et
1424 1664 1682 1740 frequen·
1719 1682 1905 1724 Recentia

116 1780 264 1842 tata,
296 1769 570 1826 beneficio
602 1767 844 1823 duorum
869 1766 1427 1842 Archiepiscoporum
1451 1765 1685 1841 Gaspari
1719 1746 1911 1802 ⁶⁰¹¹⁶g¹³

117 1872 404 1931 Cervantis
444 1879 499 1927 et
538 1869 772 1926 Joannis
821 1868 1013 1925 Tores
1061 1867 1367 1924 Redditum
1409 1868 1686 1944 Burdiga-

119 1974 273 2031 lense
320 1972 661 2048 Collegium,
714 1970 866 2046 quod
912 1988 1277 2046 suppressum
1316 1969 1498 2027 fuerat
1539 1988 1688 2026 anno

123 2093 465 2144 MDLxxx1x3
493 2082 548 2129 et
569 2072 775 2129 Montis
799 2070 1022 2148 Regalis
1046 2071 1104 2126 in
1128 2070 1514 2143 Pedemontio,
1538 2069 1692 2127 unde

120 2177 312 2234 Patres
360 2175 582 2232 fuerant
627 2173 777 2251 pulsi
826 2183 954 2229 ante
1003 2190 1177 2229 annos
1226 2180 1338 2228 tres
1381 2179 1436 2228 et
1471 2170 1688 2247 viginti.

123 2278 297 2336 Iidem
338 2277 681 2348 Toranium,
722 2276 780 2331 in
819 2275 1045 2333 Prussia
1074 2272 1335 2330 Polonica
1371 2271 1442 2328 ad
1473 2289 1695 2327 amnem

126 2377 437 2451 Vistulam,
483 2378 700 2435 inducti
743 2376 933 2449 fuere,
982 2374 1237 2452 quamvis
1275 2373 1478 2430 civium
1522 2373 1699 2445 major

124 2500 256 2560 pars
286 2480 524 2537 haeresin
558 2488 905 2555 sequeretur.
941 2476 1159 2553 Aquilae
1196 2477 1254 2531 in
1285 2474 1519 2552 Aprutia
1547 2473 1700 2531 Nea-

129 2581 411 2660 politanus
459 2599 699 2657 prorex,
762 2597 946 2635 comes
1005 2577 1288 2649 Miranda,
1342 2580 1461 2653 jam
1516 2582 1704 2652 egerat

136 2704 281 2741 anno
309 2703 512 2741 MDxcn
534 2726 548 2755 ,
588 2690 651 2737 ut
685 2681 887 2736 domus
924 2678 1209 2736 Societatis
1239 2686 1562 2755 poneretur,
1597 2676 1704 2732 hoc

136 2807 280 2844 anno
322 2787 542 2843 initium
575 2783 802 2862 publice
834 2780 1076 2838 docendi
1107 2762 1314 2837 factum
1346 2788 1450 2836 est.

304 2889 421 2944 Nec
486 2886 624 2943 nihil
681 2885 753 2942 ad
820 2884 1180 2960 collegiorum
1238 2883 1409 2939 decus
1467 2879 1706 2956 pertinet
1798 2887 1994 2960 Soualjtqs

145 2988 512 3046 Sodalitatum
554 2989 616 3045 B.
652 2987 891 3062 Virginis
933 3004 1096 3042 causa
1142 2982 1398 3052 defensa,
1445 2976 1700 3054 Neapoli.
1744 2954 1987 3059 ξωῖἑξῇἱῖ

146 3092 275 3149 Illas
320 3089 574 3146 nonnulli
625 3107 884 3165 proceres
927 3087 1151 3164 penitus
1201 3080 1550 3157 abrogandas
1608 3098 1710 3154 pu·
1746 3082 1908 3124 defensa

149 3193 440 3271 gnabant:
496 3190 759 3245 nimirum
817 3189 1090 3245 aiebant:
1146 3181 1450 3242 deserenda
1503 3178 1711 3256 templa

414 3314 574 3372 Tum.
627 3309 749 3366 III.
960 3307 970 3315 “
1398 3303 1473 3357 14
