2147 3489
931 250 1101 289 INDEX
1111 275 1122 287 .

129 354 258 389 Annus.

131 438 248 483 1597
315 435 529 482 Secunda
558 439 824 495 persecutio
856 438 906 480 in
937 436 1134 495 Japonia
1164 461 1223 468 —
1244 433 1323 480 SS.
1356 433 1580 492 Martyres
1608 431 1779 491 Japon.

316 519 367 563 P.
396 519 635 572 Martines,
662 518 924 575 Episcopus
948 521 999 562 in
1021 521 1190 562 itinere
1213 520 1418 561 moritur
1438 547 1452 560 .
1524 549 1534 559 .
1605 548 1616 558 .
1687 547 1698 558 .
1768 547 1779 558 .

316 600 368 644 ln
396 601 569 653 Perua,
606 601 654 644 P.
683 599 826 645 Urrea
850 599 1126 643 interfectus
1193 625 1784 642 ........

320 682 372 726 Ρ.
401 682 651 728 Gerardius
679 685 729 725 in
754 682 920 740 Anglia
952 684 1188 726 cruciatus
1195 708 1782 724 ........

317 763 368 808 Ρ.
397 765 645 809 Huntlaeus
669 778 778 808 cum
805 764 906 808 aliis
932 762 1049 821 quid
1072 768 1209 822 agant
1228 764 1276 806 in
1295 760 1449 807 Scotia
1517 791 1530 803 .
1603 789 1614 801 .
1683 789 1695 801 .
1769 791 1779 802 .

314 844 366 889 ln
390 844 579 889 Brasilia
605 846 886 903 prohibetur
909 844 1117 905 Servitus
1195 871 1781 888 ........

317 926 606 972 Calcutensis
629 928 728 972 Rex
753 928 873 971 favet
899 953 954 960 —-
982 927 1087 971 Non
1113 928 1176 969 ita
1201 925 1439 982 Mogolum
1463 921 1728 980 Imperator
1770 951 1782 964 .

313 1008 501 1054 Marcus
525 1009 760 1053 Antonius
785 1009 842 1052 de
868 1009 1104 1060 Dominis,
1129 1007 1349 1049 dimissus
1357 1033 1781 1049 ......

312 1092 441 1136 Nova
466 1091 673 1150 Collegia
692 1117 752 1123 —
777 1091 1022 1135 Provincia
1054 1089 1359 1141 Lithuanica,
1385 1092 1429 1131 et
1453 1085 1701 1132 Sardiniae.
1770 1115 1783 1130 .

129 1193 247 1238 1598
311 1192 360 1237 In
387 1191 554 1251 Anglia
577 1194 708 1235 triste
731 1191 977 1234 dissidium
1003 1215 1059 1225 —
1084 1189 1388 1247 Appellantes
1439 1216 1783 1232 .....

310 1274 362 1319 Ρ.
389 1275 586 1319 Laterna
610 1274 886 1318 interfectus
910 1288 934 1316 a
962 1271 1229 1317 Calvinistis
1267 1300 1785 1315 .......

310 1354 517 1400 Societas
541 1356 839 1414 Claudiopoli
864 1355 1012 1413 ejecta
1030 1381 1088 1387 —
1114 1355 1242 1399 Nova
1268 1353 1478 1413 Collegia
1525 1387 1534 1397 .
1606 1384 1617 1396 .
1686 1384 1699 1397 .
1773 1384 1784 1396 .

311 1437 401 1481 Res
436 1443 573 1496 gestae
605 1441 654 1481 in
690 1438 914 1496 BengaIa,
939 1441 988 1482 in
1014 1437 1138 1496 Pegu
1175 1444 1266 1481 etc.
1293 1437 1506 1491 Madura‚
1533 1441 1623 1480 etc.
1694 1468 1706 1479 .
1777 1467 1788 1479 .

309 1519 572 1577 Episcopus
590 1523 639 1564 in
657 1520 855 1578 Japonia
873 1521 921 1564 P.
950 1520 1274 1578 Cerqucira—
1290 1519 1458 1566 Obitus
1483 1520 1783 1564 Taicosamae.

1814 225 1931 286 319

1801 347 1940 389 Pagina.

1845 430 1936 475 220

1846 513 1936 558 229

1848 592 1940 638 250

1848 675 1935 720 251

1847 757 1939 803 255

1847 838 1938 883 251

1847 919 1940 965 255

1847 1001 1938 1046 257

1849 1083 1942 1130 258

1849 1185 1940 1232 259

1851 1268 1945 1313 242

1851 1350 1943 1395 245

1852 1431 1944 1478 245

1849 1517 1937 1563 251

307 1599 547 1645 Renovata
572 1601 902 1646 Controversia
926 1602 982 1647 de
1006 1605 1207 1649 Auxiliis
1273 1631 1785 1649 .......
1850 1600 1942 1646 205

127 1707 244 1752 1599
311 1703 569 1749 Cardinalis
592 1704 907 1749 Bellarminus
940 1738 1782 1756 ...........
1809 1707 1814 1709 ’
1849 1712 1942 1760 254

309 1786 374 1830 De
396 1784 442 1830 S.
470 1785 649 1844 Ignatio
674 1788 798 1829 inter
823 1786 987 1832 Beatos
1009 1788 1257 1834 referendo
1281 1793 1434 1850 agitur
1441 1824 1780 1837 .....
1847 1793 1938 1840 256

310 1868 438 1912 Nova
458 1867 664 1927 Collegia
682 1871 962 1926 aperiuntur
979 1897 1039 1904 —
1058 1871 1309 1916 Vastantur
1326 1876 1375 1917 in
1400 1873 1781 1934 Transsylvania.
1847 1877 1939 1923 258

311 1948 425 1994 Acta
448 1953 498 1993 in
524 1949 707 2005 Scotia‚
735 1951 985 2007 Hibernia,
1013 1953 1206 1999 Estonia
1275 1987 1784 2003 .......
1849 1957 1942 2005 260

311 2030 531 2090 Synodus
565 2032 931 2091 Diamperiensis
938 2066 1780 2086 ...........
1845 2042 1938 2088 262

316 2113 451 2160 Gesta
472 2116 523 2157 in
546 2114 752 2174 Mogole‚
779 2118 828 2158 in
850 2130 995 2175 regno
1018 2117 1206 2163 Decano
1276 2151 1780 2169 .......
1845 2125 1941 2171 265

310 2196 364 2240 In
389 2195 514 2241 Sinis
537 2196 706 2241 domus
729 2196 933 2241 Nankini
957 2202 1080 2245 miro
1105 2201 1249 2247 modo
1274 2203 1484 2248 obtenta.
1525 2239 1535 2249 .
1606 2237 1617 2249 .
1689 2240 1698 2250 .
1767 2238 1781 2251 .
1847 2207 1940 2254 265

307 2278 363 2323 In
387 2280 585 2338 Japonia
605 2283 686 2337 qui
714 2280 892 2324 fructus
916 2283 1100 2327 collecti
1110 2316 1779 2332 .........
1845 2289 1937 2337 269

316 2359 644 2406 Controversia
669 2361 726 2405 de
758 2362 959 2407 Auxiliis
1026 2396 1780 2416 ..........
1846 2372 1943 2418 270

128 2451 246 2496 1600
312 2451 622 2512 Congregatio
646 2461 1013 2512 procuratorum
1039 2481 1093 2489 —
1118 2456 1246 2501 Nova
1273 2455 1479 2517 Colle-gia
1522 2490 1534 2503 .
1607 2493 1616 2503 .
1687 2494 1698 2505 .
1768 2493 1782 2507 .
1847 2464 1940 2510 272

312 2534 423 2578 Tres
449 2536 535 2579 ΡΡ.
564 2539 612 2579 in
638 2536 797 2595 Belgio
822 2539 878 2581 ab
905 2540 1136 2582 haereticis
1160 2543 1392 2597 perempti
1441 2571 1782 2590 .....
1847 2545 1940 2592 275

310 2614 444 2660 Gesta
462 2620 510 2660 in
527 2618 906 2677 Transsylvania‚
929 2623 978 2663 in
994 2621 1161 2664 insulae
1183 2620 1560 2681 Dio,inMogole‚
1586 2627 1635 2667 in
1658 2623 1780 2669 Sun-

376 2697 480 2741 diva
502 2701 681 2752 insula,
706 2705 755 2745 in
783 2702 1048 2760 Bengalano
1072 2716 1240 2760 regno,
1266 2709 1310 2747 et
1335 2705 1460 2763 apud
1483 2706 1732 2752 Maleanos.
1771 2740 1783 2754 .
1848 2709 1940 2755 276

311 2779 362 2822 Ρ.
389 2779 577 2824 Riccius
607 2782 923 2839 proficiscitur
955 2784 1184 2828 Pekinum
1192 2817 1777 2835 ........
1843 2792 1935 2838 279

314 2859 366 2903 ln
405 2860 605 2918 Japonia
642 2865 779 2907 civile
817 2865 1017 2910 bellum.
1058 2892 1111 2900 —
1143 2868 1287 2912 Novae
1310 2869 1482 2915 domus
1523 2905 1532 2914 .
1605 2905 1616 2916 .
1686 2904 1698 2917 .
1770 2907 1781 2919 .
1847 2875 1939 2921 284

129 2939 246 2984 1601
313 2940 368 2984 In
390 2942 557 3000 Anglia
582 2942 633 2987 P.
663 2944 932 2990 Filcochius
955 2955 1150 2994 necatur
1193 2982 1784 3003 ........
1850 2958 1940 3004 287

313 3023 364 3067 ln
391 3024 616 3070 Hibernia
652 3029 768 3084 quid
794 3028 918 3074 Socii
943 3034 1064 3088 passi
1092 3035 1185 3077 sint
1193 3065 1778 3083 ........
1844 3039 1935 3086 289

313 3105 709 3164 Transsylvanicae
732 3111 884 3155 turbae
943 3143 1777 3165 ...........
1843 3120 1935 3167 290

313 3185 365 3230 In
391 3185 597 3247 Collegio
622 3188 894 3249 Derpatensi
934 3192 1020 3237 ΡΡ.
1045 3195 1316 3240 malehabiti
1357 3228 1778 3245 ......
1844 3201 1930 3248 291
