2147 3489
225 200 342 263 320

214 322 347 359 Annus.

217 900 337 948 1602

1031 230 1224 268 INDEX.

1901 332 2040 376 Pagina.

408 407 600 468 Legatio
624 409 681 455 ad
705 409 1008 467 Mosoovitas,
1035 416 1082 456 et
1101 411 1158 456 ad
1182 411 1343 458 Persas
1380 445 1880 460 .......
1945 416 2038 461 292

402 489 533 536 Nova
559 491 767 551 Collegia
789 525 802 537 .
873 525 885 537 .
955 525 967 537 .
1039 524 1058 551 ·⁴
1122 525 1878 541 ..........
1945 479 2037 542 295

402 570 493 617 Res
518 574 850 620 Calecutenses
877 607 1880 624 .............
1945 579 2037 625 295

403 653 455 698 Ρ.
486 655 656 711 Rosus,
682 657 1020 702 Thomaeorum
1046 658 1330 718 Episcopus,
1356 658 1626 718 Angamalae
1694 692 1706 706 .
1777 693 1789 706 .
1862 695 1873 706 .
1941 662 2031 708 297

403 737 458 782 Ρ.
495 738 685 783 Riocius
719 740 954 785 Pekinum
984 743 1224 800 ingressus
1255 768 1315 775 -
1348 742 1617 788 Daifusama
1644 743 1885 803 Japonum

466 822 730 881 Imperator
783 853 1881 869 ..............
1948 823 2040 869 298

401 903 455 949 In
476 904 648 964 Anglia
677 904 729 949 P.
764 905 934 965 Pagius
959 903 1289 964 suspenditur,
1327 907 1378 949 in
1402 904 1629 951 Hibernia
1663 906 1825 951 Frater
1850 905 1887 952 Ο

464 987 662 1033 Colinus
705 1020 717 1032 .
782 1019 785 1022 -
788 1017 1879 1033 ..............
1947 985 2038 1034 500

397 1068 583 1130 Religio
608 1074 658 1114 in
683 1069 978 1115 Cebennicos
1011 1074 1200 1115 montes
1227 1074 1464 1114 revocata.
1489 1069 1665 1115 Eadem
1690 1073 1740 1114 in
1757 1069 1889 1129 Alpi-

462 1156 538 1197 nis
560 1153 762 1197 vallibus
787 1158 1088 1212 propugnata
1124 1183 1881 1197 ..........
1949 1151 2039 1198 504

400 1234 594 1280 Henrici
637 1235 693 1282 IV
728 1235 856 1295 apud
893 1235 1098 1281 Venetos
1133 1234 1305 1282 Orator
1338 1250 1451 1282 cum
1484 1236 1664 1281 familia
1698 1240 1890 1295 ereptus

464 1317 658 1363 Calvino
702 1349 1881 1364 ...............
1950 1314 2040 1361 506

400 1400 657 1447 Domicilia
682 1406 824 1447 variis
848 1405 898 1447 in
925 1403 1043 1447 locis
1068 1403 1222 1460 posita
1290 1432 1878 1447 ........
1947 1398 2035 1443 507

400 1483 721 1530 Ethnieorum
748 1485 955 1544 amplius
977 1499 1059 1529 sex
1081 1485 1232 1529 millia
1252 1498 1383 1529 sacro
1409 1484 1540 1528 fonte
1560 1486 1745 1542 expiata
1783 1516 1794 1528 .
1863 1515 1875 1528 .
1944 1481 2033 1529 509

403 1565 456 1612 Ρ.
497 1567 797 1612 Fernandius
837 1568 895 1612 ab
928 1567 1163 1626 improbis
1194 1570 1245 1611 in
1284 1581 1431 1624 regno
1473 1567 1743 1626 Bengalano
1781 1567 1887 1610 neci

469 1648 624 1690 datus.
703 1670 1879 1687 ...............
1948 1642 2038 1690 509

401 1725 492 1773 ΡΡ.
533 1727 722 1770 Riccius
764 1731 812 1769 et
854 1722 1199 1783 Longohardus
1241 1724 1383 1766 variis
1426 1722 1606 1767 artibus
1646 1721 1889 1768 Christum

467 1807 594 1854 Sinis
628 1809 876 1851 insinuant
882 1833 1885 1851 .............
1955 1805 2045 1851 510

400 1890 578 1939 Tertia
605 1891 790 1951 epocha
814 1891 1154 1936 controversiae
1173 1889 1232 1935 de
1252 1888 1454 1935 Auxiliis
1458 1918 1882 1934 ......
1952 1887 2042 1933 515

1021 2515 1223 2568 *ἳῆἓῇἵφ
