2147 3489
110 1892 209 1935 item
239 1892 287 1933 P.
306 1889 407 1934 Rob.

110 1956 346 2001 Southwelli

121 2828 197 2870 Res
210 2826 232 2869 J
237 2823 417 2880 aponicae

444 206 561 267 160
1099 232 1340 271 EPITOME

439 332 690 411 positum
747 332 1108 410 Generalem‚
1160 337 1235 394 ab
1291 357 1357 396 eo
1399 337 1678 399 admissus
1735 350 1820 400 est
1865 363 2012 402 anno

440 455 728 494 MDLXXIX.
765 437 1044 496 Continuo
1070 458 1128 497 se
1149 460 1479 517 germanum
1511 442 1797 502 Societatis
1825 444 2014 504 alum-

440 557 579 595 num
609 538 878 615 praebuit.
926 540 1007 597 Ex
1043 542 1178 619 ipsis
1208 541 1446 601 vinculis
1479 544 1648 602 verba
1679 544 1919 603 faciebat
1941 545 2017 603 ad

441 659 535 699 eos
565 642 664 719 qui
694 652 941 700 recentes
970 644 1029 698 10
1066 644 1323 701 eamdem
1355 664 1544 703 secum
1581 648 1892 705 custodiam
1922 647 2018 706 de-

441 745 821 802 trudebantur
851 745 1018 803 :alios
1049 745 1121 802 ad
1150 748 1438 821 virtutem⁷
1467 748 1603 807 alios
1632 750 1705 807 ad
1726 751 2017 809 veritatem

439 846 790 924 perducebat
826 869 837 903 :
883 847 1110 906 haeresis
1160 850 1327 908 etiam
1371 853 1787 928 ministrorum,
1827 857 1873 914 si
1916 857 2016 934 qui

442 948 771 1006 accederent
789 993 804 1021 7
830 950 1104 1008 inscitiam
1136 953 1496 1030 coarguebat.
1532 955 1633 1013 His
1655 958 1895 1034 permoti
1925 956 2021 1015 de·

442 1051 690 1111 fensores
729 1054 930 1112 erroris
969 1065 1230 1113 amovent
1267 1076 1602 1133 generosum
1641 1059 1886 1117 veritatis
1924 1079 2021 1136 pa-

440 1166 667 1212 tronum
710 1156 769 1211 in
811 1166 973 1214 vetus
1008 1177 1073 1213 ac
1111 1158 1404 1215 ruinosum
1437 1159 1761 1232 castellum,
1789 1160 1863 1217 ob
1896 1160 2022 1218 coeli

441 1258 768 1334 gravitatem
819 1258 1136 1331 desertum,
1188 1260 1246 1315 in
1290 1269 1445 1316 vasto
1495 1269 1550 1317 et
1587 1259 1827 1336 palustri
1864 1260 2018 1334 solo,

440 1361 588 1418 inter
623 1361 933 1418 Comitatus
963 1360 1406 1419 Norfolciensem
1451 1371 1507 1419 et
1542 1361 2019 1436 Lincolniensem‚

441 1463 736 1522 Visbicum
801 1463 925 1520 loco
984 1483 1193 1521 nomen
1251 1474 1354 1523 est.
1411 1465 1499 1521 Ibi
1558 1464 1797 1542 frigore7
1843 1475 2019 1539 cestu,

443 1565 592 1623 fame
612 1610 627 1639 7
660 1565 908 1623 tenebris
925 1610 939 1638 a
966 1575 1021 1623 et
1045 1566 1320 1644 uliginoso
1344 1568 1604 1644 squalore
1628 1580 2020 1647 consumptuS,

445 1678 574 1747 post
629 1667 890 1726 toleratas
943 1667 1136 1726 decem
1181 1679 1235 1726 et
1286 1679 1411 1726 octo
1458 1671 1616 1728 annis
1667 1672 2021 1747 gravissimas

447 1791 727 1831 aerumnas
770 1773 830 1829 in
865 1771 1185 1830 libertatem
1224 1772 1619 1848 sempiternam
1661 1771 1894 1830 feliciter
1936 1792 2027 1829 ex-

448 1877 632 1936 cessit.
674 1874 1126 1953 Comprehensus
1163 1875 1371 1952 pariter
1397 1873 1506 1931 hoc
1539 1872 1737 1931 eodem
1760 1892 1938 1946 anm,
1970 1881 2027 1930 et

445 1981 506 2038 in
547 1978 772 2036 vincula
813 1977 980 2036 datus
1029 1988 1114 2036 est
1163 1977 1228 2034 P.
1284 1977 1569 2034 Robertus
1612 1974 2024 2048 Southw·ellu8‚

447 2082 661 2161 quibus
711 2101 843 2140 eum
894 2080 1132 2138 triennio
1187 2088 1317 2157 post
1371 2078 1611 2156 gloriosa
1660 2079 1719 2134 10
1768 2075 2027 2155 patibulo

447 2204 599 2243 mors
643 2184 923 2242 liberavit.
972 2183 1056 2239 De
1089 2201 1203 2258 quo
1245 2201 1376 2239 cum
1416 2180 1587 2259 paulo
1633 2179 1798 2258 plura
1840 2178 2028 2236 dicen-

449 2288 522 2345 da
557 2288 696 2358 sint,
733 2294 962 2364 praestat
995 2283 1090 2342 illa
1122 2285 1180 2341 in
1216 2305 1429 2341 annum
1465 2303 1698 2355 Μαῖαν,
1738 2300 1852 2359 quo
1882 2300 2031 2337 mor-

451 2402 563 2451 tem
605 2391 779 2463 obiit7
834 2408 1135 2447 reservare.
1182 2388 1407 2445 Novum
1455 2389 1599 2445 inter
1645 2385 1768 2442 haec
1807 2384 2027 2442 afflictis

449 2499 507 2554 in
546 2494 816 2552 Hibernia
861 2491 1147 2549 catholicis
1199 2490 1528 2568 praesidium
1567 2488 1811 2564 Philippi
1859 2486 2026 2562 Regis

453 2599 724 2659 Catholici
784 2598 962 2675 pietas
1015 2595 1379 2672 comparavit.
1434 2593 1622 2651 Posito
1675 2588 2025 2646 Salmanticae

453 2703 838 2760 Hiberuorum
862 2698 1197 2756 SeminariO.

618 2802 916 2879 Japoniam
961 2810 1189 2878 experta
1222 2798 1464 2854 Societas
1497 2804 1580 2852 est
1602 2792 1801 2870 Anglia
1836 2793 2027 2849 mitio-

453 2927 594 2964 rem.
664 2905 974 2982 Imperator
1042 2899 1593 2971 Cambucundonus7
1672 2897 1771 2973 qui
1833 2904 2027 2972 postea

455 3010 794 3068 Taicosamae
820 3025 1026 3062 nomen
1061 3004 1332 3081 sumpsit.
1365 3001 1473 3059 sibi
1504 3021 1534 3057 a
1565 2999 1892 3058 Christianis
1916 3017 2029 3062 me-

455 3120 653 3184 tuens,
692 3128 935 3187 quorum
970 3107 1160 3184 augeri
1195 3124 1494 3163 numerum
1527 3103 1583 3159 in
1617 3101 1734 3159 dies
1759 3100 2021 3171 videbat,

455 3235 550 3276 005
587 3218 648 3275 10
690 3215 849 3275 Sinas
892 3214 1059 3293 longe
1100 3222 1199 3272 aut
1245 3210 1593 3291 Philippinas
1648 3214 2025 3286 transportare
