2282 3489
469 170 724 208 HisTomE
767 169 1087 205 soc1ETATis
1131 171 1280 208 JESU.
1580 149 1656 208 33

100 273 419 343 Seminarii3
466 290 578 348 quo
619 272 678 327 in
724 270 899 327 ruinis
942 278 998 326 et
1039 269 1208 326 busto
1260 268 1659 346 Anzuquiamae

99 375 341 453 sepultO,
377 372 412 430 J
418 382 574 429 ustus
604 370 945 427 Ucondonus
975 369 1351 426 adolescentes
1380 370 1662 428 transtulit

98 477 156 531 in
199 495 377 532 arcem
428 493 585 531 suam
637 472 1171 547 Tucaruquiensem.
1229 471 1293 527 In
1335 471 1438 528 hac
1475 494 1658 530 rerum

100 576 549 654 perturbatione,
591 575 647 630 in
677 573 762 631 his
809 573 1026 650 imperii
1064 572 1307 630 tenebris
1345 571 1530 629 divina
1566 574 1664 631 lux

99 679 313 736 Bonziis
350 677 575 734 duobus
613 674 940 732 mirabiliter
984 673 1215 730 affulsit.
1271 673 1424 730 Alter
1459 675 1664 750 ingenii

101 779 482 855 doctrinaeque
531 778 677 834 fama
729 787 985 848 tumens,
1031 774 1370 831 beneficium
1415 774 1664 850 Regibus

97 880 231 936 dare
261 900 318 937 se
348 879 619 956 putabat,
654 898 781 936 cum
815 896 908 935 eos
938 876 1213 949 erudiret,
1246 877 1434 952 itaque
1467 875 1665 934 sedens

96 980 170 1038 ab
200 982 266 1038 iis
302 981 577 1038 stantibus
614 979 969 1037 audiebatur,
1005 979 1239 1055 Cognito
1262 977 1557 1055 Evangelio
1587 979 1665 1036 sic

97 1082 426 1140 immutatus
475 1091 591 1154 est,
647 1090 711 1138 ut
760 1080 1038 1137 diuturnis
1088 1079 1287 1156 vigiliis
1338 1078 1667 1136 elucubrata

100 1182 342 1260 plurima
372 1182 656 1240 volumina
694 1181 926 1238 totidem
958 1200 1245 1238 servorum
1282 1180 1528 1238 humeris
1555 1181 1668 1237 im-

98 1285 303 1362 posita,
331 1305 457 1341 cum
482 1284 697 1361 reliqua
721 1283 1128 1360 superstitionis
1153 1281 1540 1358 suppellectile
1563 1300 1666 1359 pro

101 1388 296 1465 templi
331 1387 547 1445 foribus
583 1385 922 1454 incenderit,
965 1393 1020 1439 et
1048 1382 1350 1459 palatium,
1388 1383 1489 1438 ubi
1514 1402 1668 1458 rega-

103 1487 229 1545 liter
261 1487 576 1560 habitabat,
608 1486 868 1543 Patribus
898 1483 1197 1556 obtulerit,
1229 1482 1667 1539 convertendum

101 1589 160 1645 in
209 1589 388 1646 aedem
441 1608 688 1660 sacram,
743 1589 902 1663 cujus
953 1593 1098 1643 esset
1139 1584 1411 1656 aedituu5,
1465 1591 1520 1640 et
1566 1583 1667 1640 ubi

103 1692 383 1751 sacrificiis
435 1690 776 1768 quotidianis
833 1688 1189 1745 ministraret.
1262 1684 1412 1743 Alter
1465 1689 1668 1742 severae

103 1793 325 1849 virtutis
361 1792 586 1848 nomine
633 1789 864 1866 gloriam
911 1789 1117 1866 pariter
1168 1789 1389 1843 inanem
1441 1795 1670 1863 captans

105 1893 350 1971 pedibus
379 1892 548 1949 nudis
569 1936 583 1965 ,
616 1902 671 1948 et
700 1890 882 1947 media
905 1891 963 1946 in
986 1889 1188 1968 hyeme
1208 1909 1350 1966 pene
1375 1889 1667 1966 spoliatUS,

102 1995 287 2051 inedia
333 2003 388 2050 et
429 1994 603 2048 macie
652 1990 948 2064 deformis,
1009 1983 1366 2047 celeberrima
1417 1990 1670 2067 Japoniae

107 2094 348 2152 delubra
387 2091 786 2172 perlustrabat.
834 2091 1287 2169 Nangazachium
1324 2090 1572 2165 delatus,
1616 2100 1673 2149 et

107 2198 334 2256 Patrum
388 2196 712 2254 charitatem
771 2196 991 2272 aegrotis
1047 2195 1214 2251 etiam
1266 2214 1333 2252 ex
1378 2195 1569 2251 infima
1618 2203 1675 2252 et

108 2321 281 2378 egena
315 2300 515 2378 plebe,
557 2300 696 2357 dum
730 2296 1044 2376 pestilentia
1082 2295 1464 2374 grassabatur,
1504 2297 1674 2355 inser-

108 2404 376 2461 vientium
409 2400 840 2478 contemplatu53
866 2398 986 2455 haec
1023 2418 1152 2455 vera
1185 2406 1291 2469 est,
1323 2397 1670 2472 exclamavit,

109 2525 175 2562 ac
197 2505 383 2562 divina
408 2503 528 2576 lex,
562 2503 725 2578 eique
762 2520 820 2559 se
849 2500 1086 2571 addixit,
1125 2497 1190 2555 u't
1219 2498 1453 2556 solidam
1477 2519 1541 2557 ac
1563 2519 1674 2558 me-

109 2607 305 2666 liorem
334 2607 392 2664 in
423 2604 561 2663 coelo
590 2602 822 2680 gloriam
853 2609 1306 2678 consequeretur.

273 2708 382 2766 Sed
405 2706 544 2764 nihil
564 2704 887 2782 religionem
911 2704 989 2762 sic
1007 2699 1332 2775 illustravit,
1359 2710 1422 2758 ut
1450 2700 1673 2778 Legatio

113 2809 372 2867 solemnis
405 2829 436 2865 a
475 2807 654 2865 tribus
682 2806 935 2884 Japoniae
963 2803 1213 2882 Regibus
1249 2802 1574 2861 Christianis
1602 2802 1668 2858 ad

116 2911 429 2967 Romanum
465 2908 790 2965 Pontificem
833 2906 1128 2964 destinata.
1165 2904 1523 2962 Profecturus
1558 2912 1674 2960 erat

115 3013 179 3069 P.
221 3011 532 3069 Alexander
560 3010 931 3088 Valignanus,
978 3010 1182 3068 Indicae
1219 3009 1502 3066 Societatis
1539 3026 1674 3082 pro-

118 3114 312 3171 vinciae
343 3113 626 3186 Visitator,
664 3114 724 3169 in
759 3112 1036 3190 Europam
1071 3120 1135 3169 ut
1165 3109 1531 3186 Praepositum
1560 3106 1674 3164 Ge—

374 3233 535 3292 Tom.
585 3229 708 3291 III.
1394 3228 1429 3285 3

1786 2716 1978 2767 Japonica

1712 2780 1877 2832 Legatio
1929 2783 1977 2825 ad

1711 2844 1947 2887 Pontificem

1710 2906 1845 2949 missa.
