2147 3489
536 212 810 251 HISTORIAE
853 208 1171 247 socln‘rA'ris
1215 208 1365 245 πεῖ.
1622 185 1737 244 307

177 318 396 376 dudum
427 324 710 395 expertus.
738 314 822 370 Ibi
848 313 1086 371 Canaius
1121 312 1344 368 novitiae
1381 321 1543 368 sectae
1572 330 1742 387 praes-

176 420 336 496 tigias
379 439 410 475 a
440 419 502 475 P.
544 416 778 475 Antonio
813 415 1111 472 Possevino
1153 412 1473 489 diligentius
1513 411 1738 483 didicit7

176 520 251 578 ab
292 540 469 597 eaque
520 528 583 576 ut
635 517 900 574 familiam
953 535 1111 574 suam
1164 523 1446 572 revocaret
1493 515 1743 591 impense

177 621 471 679 laboravit.
501 620 817 679 Resistebat
850 638 1008 690 uxor,
1036 618 1240 674 fiducia
1264 617 1507 693 quadam
1536 616 1742 692 ingenii

181 722 326 779 male
380 723 656 799 pertinax.
717 721 862 777 Huic
918 719 1145 776 demum
1206 718 1355 775 idem
1413 718 1745 774 Possevinus

178 822 432 880 haeresim
482 843 546 879 ac
587 822 943 899 pertinaciam
1005 822 1241 897 eripuit,
1297 823 1529 896 ejusque
1570 818 1741 875 filiae:

179 932 234 980 et
266 923 461 981 ambas
490 923 818 980 auctoritate
840 920 1157 998 Apostolica
1182 921 1362 998 pridie
1391 920 1510 978 Cal.
1538 919 1742 976 Octob.

182 1027 353 1106 hujus
382 1028 513 1084 anni
543 1047 704 1084 Mncu
730 1025 987 1083 Ecclesiae
1018 1023 1303 1081 catholicae
1334 1022 1594 1079 restituit.

345 1128 433 1187 Ad
463 1129 718 1186 haeresim
749 1128 955 1204 pariter
989 1146 1019 1183 e
1050 1125 1480 1182 Sendomiriensi
1504 1121 1750 1179 Poloniae
1856 1134 1984 1178 Variis
2040 1134 2082 1175 in

1785 1199 1882 1242 locis
1953 1198 2083 1253 posita

181 1239 364 1287 tractu
406 1229 767 1306 exigendam„
812 1227 1100 1285 Palatinus
1142 1226 1533 1284 Posnaniensis
1576 1242 1752 1281 arces·
1787 1264 2004 1308 domicilia.

186 1331 314 1389 sivit
355 1331 715 1401 Societatem7
757 1350 995 1406 eamque
1029 1329 1392 1386 Sendomiriae
1437 1326 1748 1384 collocavit.

183 1433 308 1490 Non
342 1442 459 1489 erat
488 1433 682 1490 eadem
712 1432 992 1509 religionis
1024 1431 1178 1487 labes
1203 1431 1259 1485 in
1292 1429 1512 1487 Corsica
1538 1426 1752 1499 insula7

185 1533 432 1610 populus
466 1543 649 1590 tamen
691 1535 846 1608 gravi
876 1553 1063 1590 rerum
1096 1534 1413 1589 divinarum
1448 1530 1759 1607 ignorantia

185 1633 482 1691 laborabat
511 1656 521 1690 :
550 1634 704 1710 quod
728 1654 855 1690 cun]
880 1654 910 1690 e
932 1633 1326 1690 Visitatoribus
1347 1631 1663 1709 apostolicis
1693 1648 1759 1687 eo

186 1737 370 1795 missis
421 1736 677 1794 Clemens
735 1734 988 1792 Pontifex
1038 1735 1418 1811 cognovisset,
1471 1733 1759 1809 negotium

188 1838 493 1916 Aquavivae
531 1838 717 1909 dedit,
756 1847 821 1893 nt
849 1836 1067 1913 aliquos
1097 1856 1127 1893 e
1156 1836 1359 1893 nostris
1389 1835 1447 1891 in
1478 1834 1758 1891 Corsicam

190 1941 436 1997 mitteret
471 1939 569 2016 qui
603 1939 842 1996 Bastiam
863 1983 878 2010 ⁷
926 1938 1126 1994 urbem
1156 1937 1358 1994 insulae
1398 1936 1757 2014 primariam,

187 2041 337 2098 illico
372 2039 606 2118 profecti
636 2040 933 2118 collegium
975 2039 1331 2097 inchoarunt.
1364 2037 1763 2115 Perpinianum

190 2142 407 2219 aliquot
436 2141 578 2198 Socii
610 2162 677 2199 ex
708 2142 980 2219 Aragonia
1003 2143 1182 2199 vocati
1204 2142 1278 2199 ab
1309 2140 1546 2199 Onufrio
1568 2141 1764 2198 Bearto

195 2244 468 2321 Episcopo
524 2243 778 2317 Elnensi,
830 2243 1107 2300 modicam
1165 2243 1354 2301 sedem
1415 2250 1757 2320 posuerunt,

196 2367 325 2424 quae
369 2347 621 2423 ejusdem
665 2346 927 2404 Praesulis
965 2367 1132 2424 opera
1173 2351 1384 2424 justam
1431 2344 1767 2421 magnitudi-

195 2469 325 2505 nem
368 2467 514 2504 anno
555 2468 756 2504 Mncxx
806 2459 1102 2506 consecuta
1151 2459 1252 2506 est.
1316 2446 1511 2504 Accitn
1561 2446 1768 2522 pariter

197 2549 452 2626 Episcopi
479 2550 785 2607 Ticinensis
811 2550 1061 2627 Papiam7
1091 2551 1204 2607 sive
1235 2549 1517 2619 Ticinum,
1541 2554 1769 2603 venerat

200 2654 485 2710 Sociorum
519 2652 842 2729 manipulus
872 2672 1018 2709 anno
1051 2653 1363 2729 superiore,
1398 2648 1610 2726 quibus
1640 2646 1771 2702 dein

204 2754 436 2811 domum
458 2798 472 2826 a
508 2753 815 2831 templum,
856 2764 911 2812 et
945 2753 1050 2811 alia
1082 2753 1387 2811 necessaria
1418 2751 1562 2807 cives
1594 2747 1773 2803 muni-

203 2855 308 2912 fice
351 2855 653 2912 donarunt.
703 2856 1015 2914 Canonicus
1066 2855 1414 2933 Hispalensis
1457 2852 1773 2907 Orsonense

209 2958 534 3035 collegium,
567 2959 626 3014 in
647 2959 883 3030 Boetica7
917 2958 1195 3016 fundavit.
1230 2957 1643 3020 Monssanctus7
1677 2948 1774 3004 Pi-

210 3062 331 3119 ceni
361 3062 660 3138 oppidum⁷
694 3063 826 3138 quia
857 3063 1074 3138 collegii
1100 3059 1255 3117 nulla
1288 3077 1413 3135 spes
1444 3051 1774 3113 ostendeba-

207 3174 324 3237 tur,
358 3163 660 3222 destitutus
690 3184 720 3220 a
750 3165 922 3222 Sociis
952 3173 1080 3220 ante
1110 3162 1325 3238 aliquot
1353 3176 1527 3216 annos
1557 3154 1768 3213 fuerat:
