2147 3489
465 231 735 270 HISTORIAE
776 229 1094 269 soc1ETAT1s
1136 233 1280 272 JEsU.
1535 217 1652 276 281

22 382 23 385 ,
99 343 241 392 taret
281 333 597 391 humanitas
646 342 797 390 tanta
840 336 1116 409 sentiens,
1160 338 1362 414 gratias
1406 339 1656 416 ingentes

100 437 240 512 agit,
295 446 348 492 et
399 436 710 493 comitatem
772 434 1029 492 comitate
1080 446 1305 513 pensat,
1360 459 1655 497 munerum

97 545 284 593 autem
326 556 552 595 suorum
605 546 660 592 et
705 555 996 613 capsarum
1041 556 1222 614 usque
1264 551 1652 616 conspectum,

99 646 299 713 negat,
349 638 475 694 licet
515 658 706 695 earum
767 640 1238 716 inspiciendarum
1284 642 1499 718 copiam
1550 643 1657 700 sibi

97 737 218 794 fieri
266 739 458 814 praedo
506 741 880 816 nequissimus
932 741 1238 798 identidem
1291 752 1490 799 oraret.
1545 743 1658 799 Ubi

97 840 247 896 videt
295 840 544 896 Riccium
594 843 898 917 expugnari
957 843 1244 901 blanditiis
1297 863 1410 900 non
1458 863 1655 921 posse,

98 938 205 996 Sibi
249 938 332 997 fas
376 960 495 998 esse
531 943 812 998 renuntiat
855 944 1128 1020 inspicere
1173 944 1511 1001 advenarum
1549 964 1659 1002 sar-

96 1039 276 1110 cinas,
323 1041 462 1097 nihil
505 1042 576 1099 ab
623 1043 947 1101 hominibus
991 1045 1192 1120 ignotis
1234 1064 1348 1100 non
1390 1064 1509 1102 esse
1546 1065 1658 1102 me-

93 1141 370 1198 tuendum
430 1167 442 1200 :
511 1146 857 1202 monendum
922 1145 1348 1222 Imperatorem,
1419 1147 1464 1203 si
1521 1146 1660 1222 quid

92 1241 306 1302 fraudis
347 1255 444 1302 aut
480 1246 712 1322 periculi
755 1246 1228 1323 deprehendatur.
1274 1248 1389 1305 Nec
1429 1246 1593 1324 plura
1642 1268 1654 1302 :

95 1343 194 1400 dat
236 1344 527 1405 lictoribus
572 1349 825 1424 signum,
879 1349 977 1424 qui
1018 1348 1157 1405 dum
1209 1349 1448 1406 sarcinas
1489 1357 1659 1424 petu-

90 1444 269 1503 lanter
311 1450 567 1525 aperiunt
610 1451 1014 1526 excutiuntque
1056 1450 1310 1526 singula,
1355 1452 1413 1506 in
1455 1449 1658 1507 Christi

90 1566 121 1604 e
172 1548 348 1606 Cruce
394 1551 689 1626 pendentis
743 1552 983 1627 effigiem
1039 1553 1318 1608 incidunt.
1375 1550 1660 1607 Exclamat

87 1647 382 1724 improbus
422 1652 898 1707 incantamentum
942 1653 1002 1708 id
1043 1671 1162 1709 esse
1206 1652 1372 1728 longe
1417 1652 1660 1709 certissi-

89 1767 278 1821 mum,
345 1751 405 1805 in
459 1752 760 1827 perniciem
827 1750 1180 1827 Imperatoris
1248 1760 1654 1827 comparatum.

90 1852 240 1923 Quid
278 1853 422 1909 enim
464 1853 620 1910 aliud
649 1872 768 1910 esse
806 1862 1003 1909 tetram
1041 1852 1194 1909 illam
1236 1853 1451 1909 cruenti
1490 1852 1659 1909 cada-

89 1954 234 2010 veris
288 1954 528 2031 effigiem
578 1974 748 2031 quam
799 1954 1051 2011 veneficii
1104 1953 1385 2030 magicum
1443 1953 1658 2010 instru-

87 2055 379 2111 mentum?
407 2055 542 2113 Haec
570 2055 875 2113 vociferans
905 2056 1189 2132 componit
1218 2054 1474 2112 libellum
1492 2100 1507 2128 ,
1540 2075 1655 2134 quo

86 2155 423 2233 Europaeum
454 2158 725 2214 advenam
757 2158 1060 2234 comparati
1098 2158 1156 2213 in
1188 2167 1357 2233 caput
1384 2157 1656 2234 Principis

87 2258 336 2314 veneficii
405 2260 718 2331 convictum
784 2258 1122 2315 affirmabat.
1192 2256 1366 2315 Addit
1423 2257 1654 2315 alteram

88 2361 526 2435 accusationem,
571 2360 806 2418 ductum
843 2379 874 2417 6
911 2359 1115 2416 chartis
1148 2357 1491 2435 quibusdam
1528 2376 1654 2433 geo-

86 2461 328 2518 metricis
359 2470 413 2518 et
441 2461 852 2539 geographicis,
893 2470 1046 2518 ratus
1078 2479 1169 2517 eas
1199 2459 1270 2515 ad
1301 2457 1654 2534 astrologiam

87 2560 464 2635 divinantem,
525 2583 694 2639 quam
746 2562 1095 2638 judiciariam
1153 2560 1320 2636 vulgo
1379 2560 1651 2635 dicimUS,

88 2664 393 2740 pertinere,
443 2664 571 2721 ideo
602 2665 836 2721 vetitam
879 2665 1129 2740 graviter·
1158 2663 1378 2739 legibus
1420 2665 1652 2739 Sinicis,

89 2762 244 2838 quod
266 2766 538 2839 ejusmodi
562 2766 821 2842 astrologi
853 2766 1191 2843 periculosas
1224 2767 1281 2822 in
1311 2768 1544 2844 imperio
1575 2787 1656 2825 se-

92 2861 330 2920 ditiones
364 2864 494 2920 olim
527 2867 933 2923 convehissent.
968 2867 1031 2923 In·
1061 2866 1397 2944 peculiarem
1431 2887 1654 2944 capsam

91 2964 385 3041 diligenter
411 2967 759 3044 obsignatam
798 2969 920 3026 haec
949 2972 1134 3026 omnia
1173 2970 1422 3045 conjicit,
1464 2968 1654 3025 addita

90 3068 450 3144 inscriptione
486 3090 597 3145 qua
637 3071 946 3129 testabatur
981 3072 1084 3130 ista
1121 3073 1178 3127 in
1212 3071 1383 3127 Riccii
1429 3069 1656 3128 sarcinis

89 3177 307 3246 reperta
357 3169 576 3229 sceleris
620 3182 675 3230 et
723 3173 956 3250 periculi
1012 3172 1355 3251 plenissima.
1412 3170 1654 3229 Dederat
