2147 3489
154 700 172 720 *
194 700 325 741 Parte
343 702 383 742 5.

128 767 157 806 l.
178 766 260 808 VI.
282 777 334 808 no
353 767 421 808 64.

185 900 361 942 Societas
382 902 423 943 in

123 966 415 1020 Transylvania

124 1053 263 1083 rursus
305 1043 422 1085 resti-

125 1111 210 1148 tuta
222 1122 235 1162 3

125 2035 167 2078 in
246 2036 423 2077 insulam

125 2100 244 2144 Dium
260 2100 422 2144 inducta

458 163 581 223 276
1129 181 1370 219 EPrroME

459 298 653 344 tanum
695 285 756 341 in
788 283 1156 341 tumultuaria
1196 302 1417 361 pugna„
1457 302 1584 339 cum
1618 283 1723 341 iret
1759 283 2030 344 Castelle-

457 398 615 461 tum7
650 395 714 443 ut
742 386 1110 464 praesidiarias
1142 385 1395 443 cohortes
1431 385 1503 441 ad
1525 385 1788 443 Paschale
1821 386 2027 445 festum

461 499 830 567 compararet.
885 489 1103 546 Patrem
1157 508 1384 566 quoque
1435 488 1753 564 Sagerium,
1796 490 1866 547 de
1914 508 2029 567 quo

462 593 689 651 annales
719 594 893 651 nostri
932 613 1059 650 cum
1101 592 1270 648 laude
1312 592 1685 649 meminerunt
1713 590 1783 648 ad
1813 611 2028 648 annum

461 715 663 752 MDLXX
687 695 737 768 *a
791 713 1004 752 veneno
1056 693 1128 749 ab
1181 692 1456 751 haereticis
1506 692 1637 750 dato
1693 693 2029 750 exstinctum

460 797 569 854 hoc
599 815 744 853 anno
774 795 922 852 fama
944 794 1094 851 tulit.

623 899 708 956 Ne
739 898 996 956 saevirent
1029 899 1084 953 in
1116 897 1306 956 Patres
1341 897 1779 976 Transsylvanos
1814 897 2026 973 Ariani,

459 1000 752 1079 prohibuit
819 1000 1089 1077 Georgius
1157 1000 1318 1057 Basta
1389 1000 1684 1057 Caesariani
1756 1002 2030 1060 exercitus

459 1103 691 1175 ductor⁷
759 1102 857 1178 qui
908 1101 1273 1173 Michaelem,
1336 1101 1661 1178 Vayvodam
1720 1102 2027 1175 Valachiae‚

456 1224 652 1282 parere
713 1204 950 1276 Caesari7
1017 1214 1072 1260 et
1134 1203 1416 1261 catholicis
1486 1203 1706 1278 favere3
1775 1205 2030 1282 quamvis

456 1307 729 1379 invitum,
790 1306 987 1382 coegit.
1043 1305 1142 1362 Usi
1190 1305 1295 1362 hac
1353 1307 1771 1383 opportunitate
1828 1307 1942 1363 duo
2001 1326 2033 1364 e

457 1407 630 1466 Sociis
660 1408 1002 1465 Varadinum
1035 1417 1166 1465 sunt
1195 1407 1428 1484 profecti
1458 1408 1528 1464 ad
1560 1407 1844 1465 catholicis
1866 1427 2032 1485 opem

456 1509 776 1583 ferendam⁷
816 1510 1027 1587 quibus
1064 1510 1229 1566 etiam
1253 1553 1267 1582 a
1308 1519 1371 1565 ut
1410 1510 1618 1587 templa
1655 1509 1916 1587 quaedam
1958 1507 2034 1565 ab

456 1611 732 1669 haereticis
777 1621 1046 1688 occupata
1089 1610 1496 1682 redderentur,
1550 1611 1877 1668 effecerunt.
1925 1609 2036 1667 Alii

456 1733 487 1770 3
531 1713 860 1790 proceribus
902 1714 961 1767 in
1004 1712 1158 1788 regni
1206 1710 1456 1769 Comitiis
1493 1711 1568 1768 ob
1608 1711 1939 1769 modestiam
1975 1721 2033 1770 et

453 1815 780 1893 patientiam
822 1813 1065 1887 laudati,
1121 1814 1421 1891 pristinum
1473 1815 1531 1871 in
1582 1825 1790 1874 statum
1832 1827 1887 1875 et
1931 1837 2033 1877 sua

457 1915 689 1994 collegia
719 1926 851 1974 sunt
880 1917 1148 1975 restituti.

619 2017 692 2075 At
721 2039 921 2076 novam
951 2021 1010 2076 in
1038 2019 1221 2078 insula
1250 2020 1354 2077 Dio
1398 2019 1585 2078 sedem
1610 2021 1859 2080 Lusitani
1889 2023 2034 2081 Socii

456 2131 787 2198 posuerunt.
835 2122 932 2180 Est
980 2122 1101 2179 haec
1138 2122 1322 2180 insula
1367 2123 1425 2179 in
1468 2124 1624 2201 apice
1660 2127 1816 2202 regni
1863 2127 2034 2185 Cam-

455 2224 632 2296 baiae,
674 2244 786 2300 qua
826 2225 1037 2283 fluvius
1073 2225 1248 2283 Indus
1283 2227 1342 2281 in
1387 2245 1537 2281 mare
1573 2225 1916 2301 devolvitur‚
1957 2229 2032 2285 ad

454 2328 604 2384 latus
654 2326 997 2384 occidentale
1055 2330 1174 2404 ejus
1233 2328 1377 2385 ostii.
1441 2327 1521 2383 Ex
1578 2348 1642 2385 ea
1694 2329 1752 2385 in
1808 2349 2034 2386 omnem

457 2428 645 2487 Asiam
685 2438 740 2486 et
777 2427 1020 2485 Africam
1063 2448 1231 2486 naves
1275 2449 1338 2486 ac
1377 2448 1586 2486 merces
1630 2450 1695 2486 ex
1739 2429 1875 2487 orbe
1915 2439 2032 2486 toto

457 2531 704 2588 collectae
746 2541 1109 2608 sparguntur.
1152 2531 1336 2587 Subiit
1372 2530 1612 2589 insulam
1648 2531 1888 2588 Societas
1922 2530 2034 2608 pri-

459 2633 547 2689 die
579 2632 699 2689 Cal.
739 2633 984 2690 Martias,
1022 2634 1260 2690 Fructus
1296 2654 1363 2690 ex
1395 2634 1611 2689 infinita
1644 2652 1819 2709 prope
1853 2632 2031 2689 homi·
2083 2681 2086 2687 .

457 2753 596 2790 num
634 2733 997 2790 multitudine
1020 2734 1285 2793 collectus
1316 2734 1683 2812 expectationi
1713 2733 2022 2810 respondit.

459 2836 619 2913 Saepe
649 2843 892 2891 tentatus
916 2834 1098 2891 fuerat
1119 2837 1177 2891 in
1200 2837 1436 2893 vicinam
1461 2835 1784 2893 Cambaiam
1814 2834 2024 2911 adituS‚

458 2958 629 3016 quam
680 2938 784 2993 Dio
818 2937 1006 3014 jungit
1055 2957 1198 3014 pons
1246 2939 1466 2995 modico
1519 2939 1657 2995 freto
1702 2939 2019 3015 impositus.

457 3041 520 3098 In
563 3059 684 3097 eam
730 3048 1102 3115 transgressus
1132 3039 1194 3095 P.
1233 3040 1444 3116 Gaspar
1475 3041 1696 3098 Scarius
1727 3062 1843 3099 rem
1874 3043 2023 3100 divi-

455 3161 586 3200 nam
628 3141 758 3200 fecit
799 3142 858 3198 in
895 3141 1038 3199 urbe
1077 3143 1367 3220 primaria3
1414 3154 1468 3202 et
1509 3145 1785 3204 Lusitanis
1822 3146 2022 3205 Arme-
